2574 4146
176 249 237 311 126
462 257 633 308 CORNELII
656 257 804 308 unrorrs
827 259 935 306 vrrnn
1188 259 1224 325 [x.

223 431 420 488 calamitatem
443 435 592 488 versoram
617 430 714 488 facere
742 431 896 506 potuisset,
918 431 967 489 ille
996 437 1027 489 se
1052 432 1227 506 interposuit

222 537 439 612 peconiamque
464 536 526 593 sine
548 535 667 593 faenore
693 536 815 610 sineque
840 537 898 593 olio
920 537 1108 612 stipulatione
1132 539 1228 596 crodi-

223 642 276 713 dit,
299 643 458 700 maximum
484 642 652 699 existimans
676 653 842 716 quaestum,
865 661 1029 700 memorem
1053 619 1229 719 gratumque

223 754 372 823 cognosci,
395 747 540 821 simulque
562 745 697 821 aperiens
719 752 750 804 so
771 752 833 804 non
854 747 1003 820 fortunae,
1026 750 1080 806 sed
1101 750 1228 808 homini-

187 877 198 925 5
222 853 276 912 bus
298 853 392 911 solore
414 871 478 911 esse
499 859 638 910 amicum.

264 958 350 1032 Quae
378 976 446 1015 cum
474 958 612 1029 faciobat,
633 962 724 1016 nomo
752 975 821 1016 eum
849 959 992 1032 temporis
1017 967 1106 1018 causi
1132 961 1230 1019 facere

224 1074 340 1140 poterat
368 1063 533 1121 existimare
544 1083 554 1135 3
584 1063 697 1121 nomini
724 1063 803 1121 enim
830 1063 862 1121 in
889 1064 1064 1138 opinionem
1092 1066 1230 1124 veniobat

223 1170 385 1228 Antonium
407 1174 504 1226 rorum
529 1174 700 1244 potitorum.
742 1167 801 1228 Sed
825 1173 927 1226 sonsus
952 1170 1015 1227 eius
1040 1176 1058 1228 a
1082 1172 1230 1229 nonnollis

225 1275 415 1350 optimatibus
445 1273 726 1349 reprehendobatur,
754 1274 836 1348 quod
862 1293 974 1349 parum
1005 1275 1104 1333 odisse
1137 1278 1230 1335 malos

176 1412 202 1443 ιο
225 1385 303 1439 cives
331 1379 487 1438 vidorotur.
530 1379 584 1437 Ille
611 1389 720 1451 autem,
749 1387 793 1437 sui
822 1379 933 1453 iodicii,
962 1382 1061 1456 potius
1094 1382 1168 1456 quid
1199 1388 1230 1441 so

225 1488 322 1544 iacere
357 1492 410 1560 pair
445 1495 522 1543 esset
556 1485 724 1543 intuobaitur
757 1502 847 1560 quam
885 1485 958 1560 quid
997 1487 1046 1544 alii
1085 1487 1232 1546 laudatori

225 1591 331 1650 forent.

264 1699 301 1755 X.
330 1697 480 1755 Conversa
501 1696 598 1754 subito
619 1697 742 1754 fortona
764 1706 815 1754 est.
858 1697 901 1756 Ut
922 1697 1069 1756 Antonius
1091 1698 1179 1757 rediit
1201 1699 1232 1756 in

225 1790 351 1873 italiam,
380 1807 469 1860 nomo
497 1807 559 1859 non
587 1806 695 1877 mogno
727 1802 757 1858 in
788 1802 919 1876 periculo
949 1803 1084 1861 Atticum
1114 1811 1232 1879 putarat

177 1931 202 1977 15
226 1918 348 1984 propter
375 1908 510 1965 intimam
538 1906 763 1964 familiaritatem
793 1908 945 1965 Ciceronis
975 1918 1006 1966 et
1034 1910 1127 1967 Broti.
1171 1912 1230 1968 Ita-

225 2032 284 2088 que
305 2013 343 2071 ad
365 2012 525 2071 adventum
547 2012 758 2086 imperotorum
779 2012 818 2070 do
840 2013 904 2071 soro
926 2011 1107 2087 decesserat,
1124 2016 1232 2074 timons

226 2118 482 2194 proscriptionem,
512 2118 680 2192 latobatque
712 2116 791 2192 apud
824 2120 855 2175 P.
883 2119 1084 2193 Volumnium,
1113 2129 1170 2193 cui,
1200 2133 1232 2179 ut

226 2223 417 2296 ostendimus,
440 2224 529 2299 paulo
557 2232 625 2280 aute
651 2241 742 2297 opem
770 2224 1018 2282 tulerat—tanta
1044 2226 1170 2284 varietos
1189 2235 1231 2284 eis

226 2331 408 2406 temporibus
449 2329 502 2387 suit
537 2330 687 2400 fortunae,
721 2338 754 2386 ut
791 2329 883 2387 modo
922 2329 961 2400 hi,
998 2330 1091 2388 modo
1126 2332 1167 2389 illi
1201 2334 1232 2389 in

175 2461 204 2494 ιο
226 2442 342 2495 summo
380 2445 478 2494 essent
515 2444 565 2492 aut
603 2434 718 2510 fastigio
759 2444 810 2493 aut
848 2435 1231 2512 periculo—habobatque

225 2548 327 2601 socum
356 2542 393 2615 Q.
422 2541 552 2600 Gellium
577 2541 702 2611 Canum,
728 2540 881 2614 aequalem
907 2540 1148 2617 simillimumque
1177 2551 1230 2602 sui.

227 2651 297 2707 Hoc
324 2665 443 2722 quoque
471 2647 562 2705 Attici
590 2645 728 2704 bonitotis
762 2646 940 2721 exemplum,
970 2647 1051 2721 quod
1083 2667 1152 2706 cum
1184 2656 1230 2720 eo,

225 2773 315 2830 quem
338 2772 461 2828 puerum
486 2752 517 2809 in
541 2752 612 2810 lodo
637 2756 789 2826 cognorat,
811 2751 888 2810 adeo
914 2753 1075 2811 conioucto
1096 2757 1177 2826 vixit,
1199 2767 1231 2813 ut

225 2861 263 2919 ad
289 2865 450 2918 extromam
476 2864 603 2916 aetatem
628 2857 756 2914 amicitia
781 2862 882 2915 eorum
908 2859 1041 2917 croverit.
1083 2863 1230 2920 Antonius

175 2995 202 3042 25
225 2976 333 3037 autem,
362 2971 416 3022 etsi
444 2968 526 3021 tanto
554 2961 626 3020 odio
654 2963 801 3021 serobotur
829 2964 858 3021 in
890 2965 1078 3037 Ciceronem,
1107 2977 1140 3023 ut
1171 2973 1230 3025 non

226 3072 319 3130 solum
348 3077 384 3142 ei,
407 3068 461 3128 sed
489 3068 578 3126 etiam
607 3068 744 3126 omnibus
772 3069 835 3127 oius
863 3076 964 3128 amicis
992 3081 1069 3129 esset
1094 3072 1230 3131 iuimicus

226 3182 335 3250 eosque
361 3176 449 3233 vellet
472 3175 657 3249 proscribere
683 3174 780 3232 multis
802 3175 994 3260 hortantibus,
1017 3186 1118 3234 tamen
1140 3179 1230 3236 Attici

225 3300 340 3341 memor
368 3281 421 3339 suit
449 3280 539 3338 officii
566 3290 596 3338 et
625 3286 661 3351 ei,
690 3298 758 3337 cum
787 3287 955 3354 requisisset
991 3282 1114 3342 ubinam
1144 3295 1229 3354 esset,

224 3395 277 3447 sua
305 3393 393 3445 mano
420 3386 544 3462 scripsit,
573 3390 612 3443 no
640 3386 756 3444 timeret
784 3387 943 3461 statimque
971 3388 1009 3446 ad
1037 3393 1068 3446 so
1096 3398 1227 3449 veniret:

173 3515 203 3560 30
225 3499 257 3552 so
285 3511 353 3551 eum
382 3503 412 3551 et
440 3493 501 3551 oius
529 3497 617 3549 causo
645 3492 760 3550 Canum
785 3491 824 3550 do
850 3498 1081 3568 proscriptorum
1105 3503 1229 3555 numero

224 3600 379 3658 exomisse.
421 3601 464 3657 Ac
492 3602 529 3656 no
555 3596 636 3672 quod
661 3598 823 3671 periculum
849 3598 1005 3670 incideret,
1030 3600 1113 3674 quod
1139 3608 1229 3661 nocto

224 3706 328 3779 iiobat
350 3704 528 3783 praesidium
551 3709 578 3764 ei
599 3702 686 3761 misit.
728 3703 776 3762 Sic
798 3704 912 3768 Atticus
933 3705 964 3762 in
985 3712 1102 3773 summo
1124 3709 1229 3773 timore
