2574 4146
146 251 207 295 110
434 246 603 295 CORNELII
626 245 773 296 NEPOTIS
795 246 902 298 VITAE
1099 250 1157 314 [lv.‚
1170 265 1202 302 v,

192 424 311 475 emeatus
341 425 383 475 ire
415 430 525 493 posset,
554 425 613 494 que
643 425 729 477 antee
760 424 835 478 imus
866 420 959 478 home
994 422 1115 482 inermis
1148 425 1283 481 viu(

192 534 309 598 poterat
337 529 450 599 repere.
493 527 562 583 Hac
590 525 691 600 eripies
718 525 847 584 tredirxit
874 526 905 583 iu
929 512 1106 602 Italiamque
1131 547 1248 604 per-

191 631 280 688 venit.

233 738 285 794 IV.
321 737 499 795 Cenllixerat
541 736 620 811 apud
663 737 843 796 Rhodanum
881 757 950 796 cum
989 741 1021 798 P.
1058 740 1193 799 Corneliri
1224 757 1286 787 ο

157 863 167 910 5
192 843 328 917 Scipione
362 843 482 900 censule
513 861 641 918 eumque
674 845 836 919 pepulerat.
891 845 968 903 Cum
997 844 1056 903 hec
1088 846 1193 904 eedem

192 949 326 1008 Clastidii
367 949 448 1024 apud
491 950 604 1007 Padum
646 949 780 1008 decernit
819 950 1010 1025 sauciumque
1052 952 1123 1011 inde
1161 972 1194 1013 ac

192 1055 322 1130 fugatum
351 1055 481 1113 dimittit.
536 1055 638 1113 Tertiri
664 1055 744 1112 idem
774 1055 871 1131 Scipio
899 1075 968 1114 cum
997 1057 1122 1133 conlega
1148 1059 1193 1116 Ti.
1220 1095 1268 1110 ,

193 1162 296 1235 Longe
332 1161 412 1235 apud
445 1161 584 1219 Trebiam
620 1159 759 1219 adversus
794 1180 862 1219 eum
898 1162 987 1220 venit.
1044 1164 1122 1222 Cum
1155 1171 1195 1224 eis
1248 1193 1287 1207 ⁴-

192 1284 311 1323 manum
337 1266 495 1338 censemit,
517 1271 655 1341 utresque
679 1267 852 1342 prefligavit.
896 1267 971 1326 Inde
996 1285 1051 1342 per
1077 1269 1195 1344 Ligures
1261 1300 1286 1310 —

144 1399 170 1429 10
189 1375 401 1446 Appenninum
433 1371 554 1443 transiit,
582 1377 687 1446 petens
716 1373 872 1431 Etruriam.
933 1374 1004 1432 Hec
1032 1375 1063 1432 in
1092 1374 1194 1434 itinere
1259 1409 1283 1417 -

192 1477 269 1536 adei>
298 1485 379 1553 gravi
410 1478 515 1536 morbi>
549 1477 686 1535 adficitur
716 1478 880 1550 oculdrum‚
909 1489 941 1537 ut
972 1487 1078 1554 postea
1112 1501 1194 1539 num-

191 1602 280 1657 quam
305 1583 411 1642 dextrr')
436 1587 530 1658 aeque
555 1583 632 1642 bene
657 1589 725 1641 risus
750 1584 796 1642 sit.
839 1585 906 1658 Qui
929 1585 1098 1644 valetudine
1127 1605 1194 1643 cum

192 1690 353 1747 etiamnum
385 1693 568 1764 premeretur
598 1689 761 1764 lecticaque
794 1689 925 1761 ferretur,
954 1691 988 1749 C.
1019 1692 1194 1749 Flaminium

192 1796 344 1853 censulem
376 1793 456 1868 apud
487 1794 702 1852 Trasumenum
734 1812 803 1853 cum
835 1796 965 1853 exercitii
996 1795 1110 1855 insidiis
1141 1798 1193 1854 cir-

143 1910 381 1966 15cumventum
419 1899 539 1971 occidit,
568 1918 665 1974 neque
704 1900 797 1958 multe)
835 1911 902 1975 post
941 1902 976 1960 C.
1016 1902 1194 1961 Centenium

192 2011 359 2081 praeterem
384 2024 452 2062 cum
480 2005 596 2063 delecte
624 2011 713 2063 mami
741 2006 829 2063 saltirs
857 2016 1065 2080 occupantem.
1114 2009 1195 2067 Hinc

192 2113 222 2170 in
246 2099 383 2187 dpuliam
412 2112 554 2186 pervenit.
598 2111 644 2169 Ibi
673 2112 790 2170 obviam
819 2118 845 2168 ei
869 2116 1012 2170 venerunt
1037 2112 1099 2171 duo
1124 2120 1193 2173 cen-

192 2218 277 2290 sules,
306 2218 340 2277 C.
368 2216 525 2274 Terentius
553 2226 584 2274 et
612 2218 646 2274 L.
671 2217 820 2274 Aemilius.
861 2218 1021 2293 Utriusque
1050 2220 1194 2278 exercitiis

191 2328 250 2382 uno
279 2323 392 2397 proelid
421 2322 537 2396 fugivit,
561 2322 684 2380 Paulum
712 2321 863 2380 cdnsulem
892 2323 1004 2382 occidit
1029 2334 1059 2383 et
1084 2325 1195 2399 aliquot

95 2498 103 2509 .
141 2450 169 2482 20
191 2434 345 2504 praeterea
372 2426 549 2499 censuleres
575 2428 606 2484 in
622 2435 665 2486 eis
693 2429 748 2487 Cn.
773 2427 925 2486 Servilium
951 2430 1121 2502 Geminum,
1146 2437 1195 2506 qui

192 2534 343 2609 superiore
363 2538 441 2590 anne
463 2533 556 2590 fuerat
577 2533 689 2591 censui.

231 2641 267 2697 V.
297 2641 366 2696 Hac
401 2643 500 2713 prigna
534 2644 664 2714 prignate
698 2639 826 2696 Remam
859 2640 1009 2714 profectus
1040 2642 1120 2700 mille
1151 2660 1193 2699 re-

192 2745 311 2804 sistente
339 2745 369 2801 in
397 2751 570 2818 propinquis
599 2745 663 2801 urbi
690 2745 839 2802 mentibus
867 2751 997 2803 moritus
1022 2757 1075 2804 est.
1118 2748 1194 2807 Cum

191 2852 303 2926 aliquot
327 2850 368 2908 ibi
392 2849 456 2908 dies
481 2860 577 2907 castra
601 2849 750 2908 habuisset
776 2859 805 2907 et
830 2851 964 2925 Capuam
992 2858 1194 2924 reverteretur,

142 2981 167 3028 ²5
192 2959 230 3030 Q.
257 2956 364 3014 Fabius
390 2955 546 3027 Maximus²
572 2954 699 3013 dictator
724 2957 886 3026 Remanus,
911 2956 942 3012 in
970 2962 1040 3032 agre
1070 2959 1195 3016 Falemri

193 3069 220 3119 ei
248 3067 279 3119 se
307 3061 426 3119 obiecit.
469 3061 530 3118 Hic
555 3061 669 3118 clausus
694 3060 828 3119 locrirum
853 3061 992 3136 angustiis
1016 3069 1108 3122 noctri
1133 3066 1194 3122 sine

191 3167 250 3225 ullo
275 3165 456 3224 detrimentri
481 3166 626 3224 exercitiis
651 3170 682 3224 se
707 3164 859 3242 expedivit
884 3167 1048 3243 Fabieque,
1070 3170 1193 3228 callidis-

192 3273 267 3331 simi)
302 3272 481 3346 imperatori,
512 3271 597 3330 dedit
630 3272 740 3345 verba;
778 3291 906 3348 namque
942 3274 1074 3334 obducte
1107 3286 1194 3336 nocte

192 3386 340 3437 sarmenta
363 3378 394 3435 in
419 3377 557 3436 comibus
585 3378 776 3436 iuvencerum
803 3377 930 3454 deligeta
958 3381 1093 3440 incendit
1122 3383 1193 3442 eius·

141 3509 170 3557 3⁰
192 3502 251 3559 que
283 3483 399 3558 generis
430 3482 648 3541 multitridinem
683 3489 821 3558 megnam
856 3483 1031 3560 dispaletam
1066 3488 1192 3547 immisit.

192 3591 262 3664 Qud
283 3593 439 3664 repentine>
459 3594 522 3646 visu
542 3589 663 3647 obiecte
684 3599 798 3648 tantum
821 3595 963 3648 terrerem
988 3590 1090 3651 iniecit
1114 3612 1191 3653 exer-

193 3696 263 3758 citui
286 3696 498 3769 Remenerum
521 3704 553 3752 ut
575 3693 676 3774 egredi
701 3700 783 3756 extra
802 3695 910 3758 vallum
931 3700 1021 3760 nemci
1043 3698 1080 3761 sit
1101 3717 1192 3763 ausus.
