2574 4146
72 262 75 268 ¹
116 247 135 306 8
408 255 578 306 cortuum
599 255 749 305 NEPOTIS
771 256 878 304 vrrAn
1099 256 1172 320 [vm.

165 439 315 501 statuerat,
355 447 424 486 cum
463 429 590 487 totidem
628 429 750 487 nivibus
789 440 878 503 atque
921 439 983 487 erat
1021 429 1172 504 proiectus

165 536 296 593 Athenis
325 540 432 610 migne
459 553 528 592 cum
556 534 723 592 offensiene
755 535 862 592 civium
898 541 1016 593 suerum
1052 536 1171 595 rediret.

205 644 367 699 Accirsetus
395 646 466 715 erge
491 649 536 698 est
560 639 746 714 preditienis,
773 639 863 715 quod,
889 659 957 697 cum
986 643 1093 698 Parum
1121 660 1172 699 ex-

164 752 295 821 pegnere
323 755 433 821 posset,
462 752 479 803 e
507 750 576 820 rege
604 755 760 820 corruptus
787 745 902 803 infectis
938 747 1024 804 rebus
1059 747 1170 805 disces-

129 854 257 922 5sisset.
314 853 360 909 Εό
402 861 536 925 tempore
580 869 668 926 aeger
714 861 775 908 erat
815 852 992 923 vulneribus,
1027 870 1105 926 quae
1141 854 1170 910 in

165 958 367 1033 oppignande
387 957 501 1032 oppidi>
523 962 689 1031 acceperat.
734 957 839 1030 Itaque
865 975 933 1014 cum
963 959 1026 1032 ipse
1055 963 1110 1033 pre
1140 964 1171 1015 se

165 1064 264 1122 dicere
285 1070 347 1121 nen
368 1073 478 1138 posset,
500 1064 589 1120 verba
612 1062 686 1119 fecit
707 1062 796 1120 freter
817 1063 879 1120 eius
901 1064 1079 1137 Stesagores.

204 1171 302 1227 Cause
329 1170 449 1243 cegnita
476 1168 580 1242 capitis
613 1167 761 1225 absolutus
791 1169 919 1241 pectiniai
948 1168 1085 1226 multatus
1115 1180 1169 1240 est,

164 1293 258 1349 eaque
287 1275 319 1331 lis
344 1274 556 1348 quinquaginta
584 1274 701 1330 talentis
730 1274 884 1331 aestimata
907 1284 960 1346 est,
984 1285 1111 1348 quantus
1139 1276 1170 1332 in

116 1411 141 1441 10
164 1381 289 1438 classem
327 1385 461 1453 sumptus
501 1378 595 1436 faetus
634 1388 706 1436 erat.
764 1380 851 1436 Hanc
891 1380 1048 1454 pectiniam
1087 1380 1169 1454 quod

164 1489 277 1545 solvere
315 1487 345 1543 in
383 1486 551 1560 praesentia
588 1490 648 1542 nen
686 1495 812 1558 poterat,
849 1486 880 1542 in
918 1486 1014 1542 vincla
1050 1487 1170 1561 pirblica

163 1571 382 1651 coniectus'est
402 1592 502 1665 ibique
524 1590 604 1648 diem
626 1590 700 1648 obiit
721 1596 899 1664 supremum.

203 1701 291 1756 VIII.
321 1699 381 1755 Hic
408 1704 463 1754 etsi
488 1697 611 1754 crimine
632 1696 718 1754 Parie
742 1706 786 1754 est
809 1702 970 1768 accisatus,
990 1706 1089 1754 tamen
1113 1699 1169 1756 alia

163 1824 253 1863 causa
287 1804 340 1861 fuit
375 1802 580 1859 damnitienis.
643 1803 781 1875 Namque
817 1802 1011 1860 Athenienses
1047 1813 1168 1878 propter

115 1934 139 1982 ¹5
165 1911 305 1968 Pisistrati
343 1907 539 1982 tyrannidem,
579 1925 655 1982 quae
698 1913 798 1981 paucis
836 1914 919 1965 annis
956 1917 1026 1965 ante
1065 1908 1167 1979 fuerat,

163 2016 285 2073 nimiam
309 2014 416 2071 civium
440 2018 559 2070 suerum
582 2013 746 2087 potentiam
770 2012 1012 2072 extimescebam.
1058 2014 1167 2072 Miltia-

164 2122 227 2191 des,
256 2120 380 2177 multum
408 2119 439 2175 in
471 2118 600 2193 imperiis
637 2119 913 2193 magistratibusque
940 2125 1078 2191 versitus
1108 2125 1169 2177 nen

163 2225 318 2283 videbitur
344 2242 432 2298 posse
468 2241 532 2281 esse
566 2230 705 2298 privitus,
733 2225 904 2298 praesertim
940 2243 1008 2281 cum
1043 2229 1166 2282 censue-

164 2330 267 2389 tridine
296 2328 335 2387 ad
363 2329 480 2403 imperii
501 2328 695 2403 cupiditatem
721 2330 796 2387 trahi
820 2329 977 2387 videretur.
1030 2331 1109 2387 Nam
1137 2331 1167 2387 in

113 2464 141 2495 ιο
164 2437 352 2496 Chersonesi>
377 2440 481 2493 omnes
506 2436 571 2493 illes
595 2441 670 2509 ques
699 2436 844 2494 habitarat
871 2442 964 2494 annes
993 2448 1167 2511 perpetuam

164 2542 332 2601 obtinuerat
362 2541 597 2598 dominitirinem
633 2552 831 2617 tyrannusque
865 2543 959 2599 fuerat
993 2542 1166 2617 appellitus

164 2648 218 2706 sed
252 2648 352 2705 iirstus.
396 2648 464 2704 Nem
493 2655 556 2704 erat
584 2647 663 2704 enirn
690 2654 719 2704 vi
746 2652 931 2718 censecutus,
959 2647 1013 2705 sed
1048 2654 1167 2706 suerum

163 2754 324 2824 voluntem,
349 2770 476 2826 eamque
499 2758 677 2826 potestetem
701 2752 833 2810 bonitEte
857 2753 1010 2811 retinebat.
1053 2754 1167 2812 Omnes

164 2868 263 2917 autem
286 2867 315 2916 et
336 2858 473 2915 dicuntur
494 2867 524 2915 et
544 2858 691 2916 habentur
712 2864 834 2931 tyranni,
857 2865 907 2932 qui
931 2864 1078 2933 potestaite
1100 2870 1168 2917 sunt

114 2992 140 3040 25
164 2969 308 3039 perpetue
335 2964 366 3020 in
394 2969 429 3021 ee
456 2963 573 3021 civitEte
602 2981 678 3038 quae
707 2963 839 3021 libertete
866 2969 917 3021 usa
945 2973 998 3021 est.
1049 2964 1108 3022 Sed
1137 2966 1168 3023 in

165 3070 299 3128 Miltiade
323 3078 385 3126 erat
407 3087 475 3126 cum
498 3086 614 3126 summa
636 3069 799 3127 hirmanitas
821 3079 883 3125 tum
906 3075 978 3126 mira
1001 3072 1166 3128 commirni-

164 3180 216 3245 tes,
239 3184 272 3232 ut
299 3180 389 3232 neme
416 3184 476 3232 tam
505 3173 622 3231 humilis
645 3184 732 3244 esset,
757 3180 804 3231 cui
826 3179 885 3232 nen
910 3175 948 3232 ad
972 3194 1040 3232 eurn
1069 3175 1167 3234 aditus

164 3285 278 3354 pateret
289 3301 297 3354 3
334 3287 440 3355 megna
467 3279 626 3337 aucteritais
654 3279 733 3354 apud
765 3285 867 3337 omnes
897 3282 1037 3352 civitates,
1067 3282 1167 3340 nebile

163 3391 284 3458 nemen,
309 3386 370 3444 laus
397 3391 440 3443 rei
464 3385 595 3443 militeris
624 3385 760 3442 mixima.
805 3387 890 3442 Haec
919 3387 1045 3461 populus
1075 3388 1166 3463 respi-

114 3525 141 3569 30
164 3492 246 3549 ciens
267 3491 369 3549 meluit
393 3490 474 3549 illum
499 3490 651 3548 innoxium
675 3490 765 3565 plecti
790 3508 879 3565 quam
904 3497 936 3549 se
964 3492 1072 3550 diritius
1102 3510 1167 3550 esse

164 3597 194 3654 in
215 3598 329 3655 timere.
