2574 4146
125 255 159 320 u]
596 259 716 309 conon
1136 270 1177 332 43

127 427 252 501 diberet‚
281 430 335 488 sed
367 434 399 488 se
434 429 567 503 suadere,
597 432 785 491 Pharnabazo
821 432 852 490 id
887 434 998 508 negotii
1032 434 1125 493 daret.

124 535 200 592 Hinc
227 541 341 610 maignis
367 537 537 595 mineribus
561 536 688 595 donitus
712 537 750 595 ad
776 557 856 597 mare
886 549 930 597 est
959 546 1070 610 missus
1094 552 1127 598 ut

122 640 233 716 Cypriis
273 652 304 698 et
339 642 537 701 Phoenicibus
572 647 737 717 ceterisque
774 644 925 703 maritimis
959 645 1125 706 civititibus

117 751 206 804 nives
234 747 338 822 longis
365 747 524 822 imperitet
552 749 744 822 classemque,
767 755 826 823 qui
852 751 987 824 proxima
1014 758 1124 810 aestite

116 870 197 909 mare
223 856 299 910 tueri
324 863 433 927 posset,
455 859 650 928 compararet,
672 853 744 912 dato
767 854 902 913 adiritore
925 857 1123 929 Phamabaizd,
1148 881 1159 929 5

114 958 280 1032 sicutipse
304 959 445 1017 voluerat.
489 957 526 1016 Id
551 968 583 1017 ut
608 959 853 1017 Lacedaemoniis
878 971 923 1018 est
946 962 1122 1033 nuntiaitum,

112 1068 176 1120 non
211 1063 274 1121 sine
310 1069 382 1121 cura
420 1082 482 1122 rem
517 1063 731 1135 administrant,
761 1065 842 1140 quod
882 1067 974 1125 miius
1012 1067 1122 1126 bellum
1148 1133 1150 1137 ,

113 1169 272 1226 imminete
314 1170 530 1228 arbitribaritur
570 1188 659 1244 quam
703 1177 726 1228 si
762 1190 831 1228 cum
866 1172 990 1231 barbari
1027 1175 1121 1231 stilum

113 1272 334 1333 contenderent
345 1296 353 1348 ;
389 1293 459 1333 nam
487 1274 595 1333 ducem
628 1275 734 1334 fortem
767 1286 797 1335 et
827 1277 1005 1352 prudentem
1037 1280 1122 1354 regiis

113 1381 223 1456 opibus
245 1380 446 1456 praesutirrum
467 1399 503 1438 ac
525 1386 625 1439 secum
644 1382 851 1441 dimicaitrirum
868 1384 1017 1456 videbant,
1032 1403 1121 1459 quem
1146 1418 1171 1447 10

113 1504 213 1560 neque
252 1487 377 1545 consilli>
415 1505 511 1561 neque
550 1488 644 1562 c6plis
683 1495 820 1563 superare
859 1500 989 1564 possent.
1053 1492 1121 1549 Hac

113 1601 216 1649 mente
242 1598 381 1667 magnam
405 1576 583 1650 contrahunt
604 1594 728 1652 classem
740 1616 748 1666 ;
777 1596 1001 1669 proficiscuntur
1022 1598 1120 1655 lisan-

112 1697 170 1756 dro
199 1698 288 1756 duce.
345 1699 412 1756 Hos
440 1699 550 1758 Conon
578 1699 658 1774 apud
694 1699 824 1758 Cnidum
859 1700 979 1759 adortus
1014 1709 1121 1778 magni>

113 1803 230 1878 proelio
252 1804 343 1878 fugat,
365 1805 470 1862 multas
491 1809 581 1862 nives
602 1805 691 1880 capit,
713 1806 880 1881 complrires
902 1806 1050 1882 deprimit.

155 1911 224 1984 Qui
251 1911 375 1968 victoria
403 1916 463 1968 non
498 1912 593 1969 solum
628 1912 772 1984 Athenae,
801 1912 854 1970 sed
889 1913 979 1970 etiam
1013 1919 1122 1972 cimcta
1146 1939 1170 1986 ις

113 2016 252 2088 Graecia,
274 2034 351 2091 quae
373 2017 427 2075 sub
449 2016 754 2075 Lacedaemoniorum
777 2017 870 2075 fuerat
892 2019 1028 2093 imperio,
1049 2021 1120 2078 libe-

112 2128 177 2179 rata
205 2132 258 2180 est.
314 2121 421 2180 Conon
450 2140 517 2179 cum
549 2132 633 2197 parte
663 2123 781 2180 navium
814 2124 845 2180 in
876 2125 1001 2198 patriam
1031 2127 1119 2196 veuit,

112 2233 214 2285 muros
243 2226 355 2286 dirutos
380 2234 398 2285 a
426 2228 578 2304 Lysandro
602 2233 752 2302 utresque,
768 2240 798 2286 et
823 2231 916 2287 Piraei
940 2240 971 2288 et
995 2231 1121 2289 Atheni·

112 2353 189 2405 rum,
215 2333 393 2392 reficiendos
416 2339 499 2392 cirrat
527 2335 730 2409 pecuniaeque
760 2336 973 2410 quinquaigintai
1000 2337 1120 2409 talenta,

111 2457 191 2515 quae
213 2444 231 2496 a
253 2439 442 2498 Pharnabazo
463 2445 629 2514 acceperat,
652 2441 764 2498 civibus
785 2447 843 2498 suis
864 2440 965 2499 donat.
1143 2470 1171 2501 20

153 2546 190 2603 V.
220 2545 338 2604 Accidit
362 2545 440 2617 huic,
461 2546 544 2620 quod
568 2551 673 2621 ceteris
697 2546 876 2619 mortalibus,
899 2556 931 2605 ut
953 2547 1120 2605 inconside-

112 2651 204 2709 ritior
232 2651 263 2708 in
292 2650 422 2709 secunda
448 2670 538 2726 quam
562 2651 593 2709 in
616 2651 740 2710 adversa
764 2663 841 2710 esset
866 2653 998 2711 fortuni.
1041 2654 1119 2711 Nam

112 2756 206 2815 classe
236 2756 520 2832 Peloponnesiorum
549 2757 674 2829 divicta,
703 2776 771 2815 cum
807 2759 900 2816 ultum
935 2762 967 2816 se
1002 2758 1120 2816 iniuriis

113 2863 227 2938 patriae
262 2869 388 2937 putaret,
416 2863 500 2938 plura
534 2863 702 2936 concupivit
737 2856 827 2937 quam
861 2864 979 2921 efficere
1013 2865 1119 2938 potuit.

114 2969 222 3043 Neque
257 2977 356 3051 tamen
392 2986 429 3026 ea
462 2974 524 3026 non
558 2969 608 3044 pia
639 2978 670 3026 et
700 2969 854 3044 probanda
885 2969 1010 3040 fuerunt,
1038 2969 1120 3045 quod
1143 2999 1169 3046 ²5

114 3074 212 3148 potius
236 3073 350 3148 patriae
375 3079 447 3148 opes
469 3079 569 3149 augeri
590 3092 679 3148 quam
700 3075 776 3149 regis
798 3075 907 3132 miluit.
950 3076 1029 3132 Nam
1052 3094 1120 3133 cum

115 3185 253 3254 magnam
282 3179 489 3237 auctoritaitem
517 3180 573 3238 sibi
601 3185 700 3254 pugna
724 3181 772 3237 illai
797 3181 898 3251 nivali,
924 3199 1014 3255 quam
1040 3181 1120 3256 apud

116 3284 244 3344 Cnidum
274 3285 399 3357 fecerat,
425 3285 625 3344 constituisset
653 3291 714 3343 non
743 3286 837 3344 solum
866 3287 941 3344 inter
969 3287 1119 3357 barbaros,

117 3391 167 3449 sed
195 3392 286 3448 etiam
313 3396 417 3449 omnes
445 3392 589 3450 Graeciae
618 3392 759 3463 civitates,
788 3393 864 3449 clam
893 3391 964 3450 dare
997 3411 1119 3467 operam

117 3497 223 3572 coepit,
252 3506 284 3555 ut
317 3498 433 3555 Ioniam
467 3508 497 3555 et
524 3497 657 3555 Aeoliam
687 3498 853 3556 restitueret
880 3498 1119 3557 Atheniensibus,
1142 3529 1170 3574 30

119 3601 152 3660 Id
183 3622 252 3661 cum
285 3604 381 3661 minus
414 3604 569 3678 diligenter
603 3614 680 3662 esset
714 3604 851 3676 celatum,
879 3605 1040 3675 Tiribazus,
1070 3612 1120 3679 qui
