2588 4140
118 259 176 304 112
405 255 573 304 CORNELII
597 254 745 304 NEPOTIS
768 254 876 303 VITAE
1096 255 1163 319 [vm.

164 433 294 484 cumeis
322 433 427 501 pacem
456 428 609 498 fecissent,
632 428 672 484 ob
701 445 826 501 eamque
856 446 918 485 rem
944 399 1056 486 coraula
1081 435 1167 487 aurea

165 537 216 590 cas
244 531 389 590 danarent
417 533 562 607 simulque
591 543 726 606 peterent
754 544 786 590 ut
815 533 933 591 obsidas
963 538 1065 592 earum
1099 535 1165 592 Fre-

164 637 245 712 gellis
267 648 363 695 essent
385 645 550 713 captivique
573 638 775 696 redderentur.
819 640 875 696 His
897 657 934 697 ex
955 644 1073 697 senatas
1098 646 1166 699 con-

164 744 241 801 sulta
261 749 435 818 respansum
461 754 523 802 est:
555 749 659 802 mrinus
684 749 786 802 earum
811 751 926 819 gratum
951 758 1167 821 acceptumque

128 872 139 919 5
164 868 228 907 esse
239 871 248 922 3
279 849 405 921 obsidas,
430 856 490 924 qua
519 851 587 908 loca
616 856 760 925 rogarent,
787 851 918 923 futuros,
947 857 1081 926 captivas
1109 858 1167 911 nan

164 962 343 1029 remissiuas,
378 955 460 1031 quod
496 957 706 1029 Hannibalem,
742 957 824 1016 cirins
866 963 957 1033 opera
998 969 1168 1033 susceptum

164 1061 273 1119 bellum
302 1062 387 1134 foret,
416 1062 650 1119 inimicissimum
681 1063 796 1120 nomini
827 1064 976 1134 Ramana,
1005 1064 1168 1121 etiamnum

164 1185 232 1223 curn
261 1167 386 1240 imperio
413 1167 494 1242 apud
523 1167 683 1225 exercitum
713 1168 855 1226 haberent
886 1167 1017 1243 itemque
1049 1168 1167 1227 fratrem

164 1273 226 1330 eius
258 1273 427 1346 Magonem.
484 1274 554 1331 Hac
584 1278 727 1347 respansa
759 1274 1016 1348 Carthaginiansas
1046 1276 1168 1350 cagnita

115 1406 142 1436 ιο
165 1377 365 1435 Hannibalem
396 1378 519 1435 domum
548 1389 578 1435 et
607 1380 767 1453 Magonem
795 1384 976 1436 revocarunt.
1034 1380 1106 1438 Hric
1137 1391 1168 1438 ut

164 1481 259 1554 rediit,
288 1488 339 1540 rax
370 1483 463 1541 sactus
495 1493 548 1555 est,
578 1494 735 1558 postquam
765 1484 926 1559 imperator
957 1484 1051 1542 fuerat
1090 1491 1167 1545 anna

164 1588 296 1646 secunda
318 1598 348 1645 et
368 1589 598 1646 vicasima-ut
619 1590 698 1646 enim
720 1591 837 1648 Ramae
860 1590 1006 1662 consules,
1029 1597 1070 1648 sic
1096 1593 1165 1651 Car·

164 1694 281 1768 thagine
309 1700 464 1767 quotannis
497 1701 585 1751 annui
616 1695 677 1753 bini
708 1699 794 1768 rigas
823 1695 1004 1752 creabantur.
1064 1698 1100 1754 In
1131 1703 1167 1754 eo

164 1800 333 1874 magistratu
356 1806 418 1873 pari
439 1799 591 1874 diligentia
612 1805 643 1857 sa
669 1800 820 1858 Hannibal
846 1801 981 1874 praebuit
1013 1820 1048 1859 ac
1075 1803 1166 1860 fuerat

115 1920 138 1965 Ι5
163 1905 193 1961 in
215 1905 301 1962 bella.
344 1906 483 1979 Namque
504 1905 546 1962 eff
549 1905 606 1962 ecit
629 1923 665 1962 ex
682 1912 764 1963 novis
782 1905 972 1980 vectigalibus
993 1911 1055 1964 nan
1072 1908 1164 1965 salum

165 2021 194 2067 ut
219 2020 296 2068 esset
324 2010 460 2085 pecania,
486 2027 561 2084 quae
591 2012 733 2068 Romanis
762 2029 798 2067 ex
826 2006 947 2068 foedere
976 2012 1164 2085 penderetur,

163 2114 215 2172 sed
265 2115 353 2172 etiarn
398 2125 572 2189 superesset,
613 2133 689 2190 quae
731 2115 762 2172 in
805 2116 919 2173 aeraria
965 2122 1164 2190 reponeratur.

163 2220 282 2278 Deinde
304 2221 346 2277 M.
365 2219 490 2278 Claudia
513 2221 545 2278 L.
569 2221 657 2278 Faria
679 2220 847 2279 eansulibus
869 2223 967 2279 Rama
987 2222 1076 2297 lagati
1097 2223 1164 2282 Car-

163 2326 311 2400 thaginem
340 2329 491 2382 variarunt.
535 2327 600 2383 Hos
629 2325 781 2384 Hannibal
809 2335 888 2384 ratus
916 2332 960 2383 sui
984 2327 1165 2402 exposcendi

112 2447 140 2477 20
162 2431 254 2505 gratia
281 2435 393 2502 missas,
422 2431 591 2505 priusquam
611 2437 654 2488 eis
681 2435 798 2488 senatus
826 2429 954 2502 daretur,
982 2438 1088 2490 navem
1121 2451 1164 2490 as·

162 2535 263 2592 cendit
296 2535 372 2592 clam
405 2546 493 2610 atque
525 2536 557 2592 in
592 2535 704 2607 Syriam
739 2535 777 2593 ad
811 2535 993 2595 Antiochum
1025 2538 1164 2614 perfrigit.

164 2642 231 2698 Hac
260 2646 291 2697 ra
319 2640 416 2715 palam
445 2641 522 2697 saeta
551 2642 642 2698 Poeni
670 2643 758 2697 navas
784 2641 866 2713 duas,
888 2659 964 2715 quae
990 2660 1060 2700 eum
1085 2661 1164 2701 com-

163 2745 390 2821 prehenderent,
419 2753 442 2802 si
475 2754 595 2820 possent
630 2751 780 2819 consequi,
809 2750 960 2819 misamnt,
989 2747 1070 2807 bona
1104 2749 1164 2807 aius

162 2851 356 2925 publicarunt,
390 2850 512 2908 domurn
551 2856 568 2908 a
605 2850 805 2908 fundamentis
843 2849 1032 2926 disiacamnt,
1068 2853 1164 2928 ipsum

111 2972 138 3019 25
164 2957 292 3013 exsulem
315 2955 489 3013 iudicarunt.

201 3062 288 3118 VIII.
318 3063 356 3117 At
386 3060 535 3117 Hannibal
560 3065 639 3118 anna
664 3065 770 3134 quarta
795 3071 953 3136 postquam
979 3061 1072 3121 doma
1097 3081 1163 3138 pro-

162 3167 288 3241 fagerat,
311 3166 343 3223 L.
367 3165 506 3225 Cornalia
528 3166 565 3239 Q.
589 3165 722 3223 Minucia
744 3166 921 3238 cansulibus,
944 3185 1013 3225 cum
1034 3175 1164 3243 quinque

161 3271 282 3329 navibus
303 3257 432 3328 Africam
454 3270 577 3327 accessit
598 3271 628 3327 in
650 3270 762 3328 sinibus
784 3271 1016 3345 Cyranaeamm,
1038 3279 1063 3331 si
1085 3274 1165 3332 farte

162 3376 418 3450 Carthaginienses
446 3374 484 3432 ad
513 3374 621 3433 bellum
649 3373 790 3433 Indacere
819 3386 920 3451 posset
944 3377 1085 3435 Antiochi
1112 3383 1165 3454 spe

111 3500 138 3545 30
161 3480 344 3555 fidaciaque,
372 3487 419 3537 cui
450 3480 509 3537 iam
540 3485 722 3554 persuaserat
756 3489 787 3538 ut
821 3499 890 3538 cum
924 3482 1102 3542 exercitibus
1137 3485 1166 3542 iu

161 3574 277 3645 Italiam
308 3586 551 3661 proficisceratur.
608 3587 677 3643 Hac
711 3586 872 3661 Maganem
900 3587 1018 3645 fratrem
1049 3591 1165 3648 excivit.

162 3690 197 3750 Id
222 3691 273 3749 ubi
299 3693 390 3749 Poeni
415 3694 602 3762 rescivarunt,
624 3691 785 3765 Maganem
810 3690 926 3764 eadem,
948 3697 1009 3767 qua
1035 3693 1165 3768 fratrem,
