2574 4146
117 280 167 346 nn]
574 282 720 332 ATrICUs
1116 288 1152 333 12
1156 286 1172 351 5

116 453 164 510 ille
189 453 392 511 censensionis
420 453 524 529 globus
553 454 637 512 huius
660 460 745 513 tinius
774 455 957 513 dissensione
983 454 1124 513 disiectus

117 569 170 616 est.
229 559 335 632 Neque
365 559 457 616 multe
486 570 553 634 post
581 562 715 636 superior
743 579 806 619 esse
838 563 939 637 coepit
968 562 1122 631 Antenius,

114 664 157 722 ita
184 673 217 721 ut
242 665 349 722 Bnitus
374 675 403 722 et
428 665 546 723 Cassius
571 672 678 724 omissi
703 673 773 725 cirri
798 668 1024 742 previnciirum,
1046 686 1122 742 quae

113 777 154 827 eis
179 769 254 827 dicis
278 777 365 827 causi
388 770 475 828 datae
501 782 583 829 erant
605 778 623 830 a
644 774 774 844 censule,
797 774 959 847 desperetis
982 773 1069 831 rebus
1093 774 1122 830 in

115 876 251 933 exsilium
287 876 550 951 proficiscerentur.
608 879 731 949 Atticus,
760 886 810 953 qui
847 879 1004 953 pecliniam
1035 878 1121 935 simul
1146 901 1156 947 5

114 999 183 1038 cum
213 986 319 1039 ceteris
346 982 480 1040 cenferre
509 983 642 1041 neluerat
673 985 788 1042 florenti
818 985 858 1041 illi
890 991 973 1060 parti,
1002 984 1120 1042 abiecto

115 1089 207 1145 Brute
237 1073 382 1162 ltalieque
410 1087 530 1146 cedenti
558 1090 723 1148 sestertiium
751 1101 871 1147 centurn
899 1090 979 1147 milia
1008 1095 1120 1148 muneri

115 1194 202 1251 misit.
246 1193 353 1251 Eidem
375 1193 406 1251 in
428 1195 519 1269 Epire
541 1195 647 1253 absens
669 1205 801 1253 trecenta
825 1196 907 1254 iussit
928 1197 1000 1266 dari,
1021 1214 1119 1270 neque

114 1304 151 1358 eo
176 1300 270 1375 magis
294 1306 411 1375 potenti
434 1295 568 1358 adiiletus
593 1311 638 1359 est
665 1302 794 1359 Antonio
822 1320 919 1376 neque
947 1302 1119 1377 desperetes

113 1404 239 1479 reliquit.
1142 1427 1170 1458 ιο

154 1512 207 1568 ΙΧ.
236 1511 377 1579 ὃεοῇωιη
406 1520 451 1569 est
478 1510 588 1569 bellum
617 1521 731 1586 gestum
760 1511 840 1585 apud
870 1512 1024 1570 Mutinam.
1082 1515 1118 1570 In

113 1622 173 1689 que
212 1622 237 1674 si
274 1626 389 1673 tantum
427 1633 496 1672 eurn
534 1617 712 1690 prudentem
748 1617 856 1688 dicam,
892 1618 987 1676 minus
1027 1636 1117 1692 quarn

113 1722 241 1781 debeam
269 1721 448 1798 praedicem,
470 1741 538 1779 cum
567 1723 615 1780 ille
643 1723 741 1797 potius
765 1723 878 1781 divinus
907 1723 999 1794 fuerit,
1022 1730 1046 1781 si
1073 1724 1116 1782 di-

111 1806 221 1887 vinetid
256 1826 435 1902 appellanda
467 1837 512 1885 est
543 1839 686 1904 perpetua
720 1829 856 1887 neturilis
888 1829 1013 1899 bonites,
1041 1847 1117 1903 quae

113 1935 196 1991 millis
224 1932 341 1991 cesibus
368 1933 494 2007 agitetur
520 1952 618 2008 neque
646 1935 794 1992 minuitur.
842 1935 946 1993 Hostis
973 1935 1118 1993 Antonius
1142 1956 1166 2002 ¹5

113 2035 258 2094 indicetus
302 2025 386 2096 italie
424 2049 571 2112 cesserat;
614 2045 681 2114 spes
719 2041 892 2099 restituendi
929 2041 1008 2099 milla
1046 2052 1116 2099 erat.

114 2141 182 2198 Nen
204 2141 300 2199 selum
322 2143 443 2216 inimici,
464 2151 598 2218 quitum
619 2154 702 2202 erant
721 2145 917 2220 potentissimi
938 2157 968 2203 et
989 2147 1116 2221 plririmi,

113 2246 164 2304 sed
194 2247 283 2305 etiam
312 2255 364 2323 qui
391 2249 562 2308 adverseriis
589 2251 652 2308 eius
679 2255 711 2308 se
738 2251 931 2310 vendit'a'bant
959 2261 989 2308 et
1018 2253 1046 2308 in
1081 2258 1117 2311 ee

113 2352 262 2411 laedendo
286 2338 419 2430 aliquam¹
438 2360 650 2415 consecuturos
674 2356 832 2432 sperebant
860 2356 1116 2430 commoditetem,

112 2459 235 2516 Antenii
255 2459 411 2518 familiires
431 2462 670 2537 insequebantur,
685 2467 807 2520 uxerem
830 2462 962 2520 Fulviam
979 2462 1117 2520 omnibus
1139 2486 1167 2517 20

113 2564 197 2622 rebus
221 2564 349 2639 spoliere
374 2566 543 2640 cupiebant,
568 2567 677 2625 liberes
702 2568 792 2625 etiam
820 2568 1003 2642 exstinguere
1033 2573 1115 2642 pare-

114 2670 191 2729 bant.
234 2670 358 2743 Atticus,
374 2689 442 2729 curn
464 2672 617 2731 Cicerenis
639 2673 743 2730 intimi
764 2672 958 2730 familiaritate
977 2678 1115 2745 uteretur,

114 2775 306 2834 amicissimus
331 2787 409 2835 esset
433 2778 535 2848 Britte,
560 2783 621 2835 nen
647 2778 739 2836 modo
767 2777 901 2835 nihileis
929 2777 1050 2837 indulsit
1077 2778 1116 2836 ad

114 2881 273 2940 Antenium
300 2880 481 2954 violandum,
503 2882 556 2940 sed
584 2887 602 2941 e
630 2884 776 2941 contrario
806 2883 961 2942 familieres
989 2884 1051 2942 eius
1079 2902 1116 2941 ex

114 2987 182 3045 urbe
217 2987 427 3063 profugientes,
459 2997 601 3062 quantum
636 2989 742 3064 potuit,
775 2990 855 3060 texit,
889 2989 994 3064 quibus
1029 2990 1116 3047 rebus
1139 3014 1165 3061 ²5

114 3092 308 3167 indiguerunt,
330 3092 450 3151 adiuvit.
494 3094 597 3152 Priblio
622 3097 692 3152 veri>
716 3094 875 3152 Volumnio
898 3112 933 3151 ea
954 3095 1063 3166 tribuit,
1084 3105 1117 3152 ut

115 3197 193 3270 plina
226 3202 244 3256 ai
277 3208 399 3273 parente
434 3198 581 3273 proficisci
611 3204 673 3256 nen
705 3200 863 3274 potuerint.
919 3201 981 3274 Ipsi
1015 3209 1115 3257 autem

116 3301 240 3375 Fulviae,
276 3320 345 3360 cum
379 3303 478 3361 litibus
516 3302 704 3362 distineretur
744 3310 914 3380 mignisque
958 3305 1116 3363 terreribus

115 3411 272 3480 vereretur,
307 3413 390 3466 tante
428 3407 579 3484 diligentie
614 3408 744 3467 officium
777 3427 862 3467 suum
896 3410 1051 3484 praestitit,
1084 3420 1117 3467 ut

116 3513 221 3571 millum
263 3512 315 3571 illa
358 3512 462 3572 stiterit
502 3515 705 3572 vadimenium
747 3515 809 3574 sine
850 3515 959 3586 Attice,
1001 3515 1116 3572 Atticus
1139 3541 1167 3586 30

117 3622 236 3690 spensor
270 3619 404 3677 omnium
440 3623 536 3677 rerum
572 3619 666 3678 fuerit.
723 3621 802 3694 Quin
836 3620 935 3690 etiam,
964 3637 1033 3676 curn
1068 3620 1116 3676 illa

118 3721 235 3786 [undum
266 3724 401 3793 secunde
431 3724 554 3787 settene
588 3725 707 3786 emisset
739 3726 770 3783 in
804 3724 885 3783 diem
915 3742 1013 3799 neque
1048 3735 1116 3799 post
