2574 4146
415 706 496 763 xxi.
532 691 589 763 ori
625 690 813 765 uocibus

157 890 178 947 Ι.
206 892 251 949 Ηί
275 891 337 949 fero
362 891 478 949 fuorunt
504 892 635 950 Graecae
661 893 757 966 gentis
782 892 873 950 ducos
898 898 949 966 qui
974 892 1116 951 memoria

119 991 193 1069 digni
229 996 397 1068 videantur,
427 1007 544 1071 praeter
578 1001 681 1071 rogos5
721 1015 849 1071 namque
885 1002 936 1055 eos
971 998 1115 1073 attingere

117 1101 266 1173 noluimus,
282 1101 365 1176 quod
386 1101 518 1160 omnium
540 1106 585 1159 ros
606 1111 707 1176 gestae
729 1103 887 1178 soparotim
908 1112 976 1160 sunt
997 1103 1113 1161 relatae.

118 1206 217 1282 Neque
246 1217 347 1264 tamen
376 1208 395 1265 ii
422 1206 584 1266 admodum
613 1217 680 1265 sunt
713 1208 804 1266 multi.
861 1207 1116 1268 Lacedaemonius

115 1323 209 1369 autem
243 1313 393 1386 Agosilaus
424 1313 557 1385 nomine,
585 1318 645 1372 non
681 1319 828 1388 potestate
862 1314 916 1371 fuit
951 1319 1011 1386 rox,
1040 1320 1115 1373 sicut
1139 1335 1150 1381 5

114 1421 201 1475 coteri
235 1418 377 1493 Spartani.
435 1419 481 1475 Ex
507 1424 549 1477 eis
583 1424 662 1491 voro,
690 1426 740 1494 qui
771 1419 955 1478 dominatum
989 1421 1114 1495 imperio

113 1527 276 1594 tenuorunt,
303 1524 539 1582 excellentissimi
563 1525 689 1593 fuorunt,
715 1535 747 1582 ut
771 1530 825 1582 nos
851 1525 1023 1597 iodicamuS,
1046 1528 1113 1584 Per-

112 1634 205 1686 sorum
232 1630 326 1703 Cyrus
351 1639 381 1688 et
405 1631 528 1701 Darous,
554 1631 696 1705 Hystaspi
722 1630 811 1701 filius,
838 1636 961 1705 quorum
990 1641 1114 1707 uterque

111 1740 236 1808 privatus
264 1735 371 1792 virtote
399 1739 522 1809 rognum
550 1745 595 1792 est
620 1735 754 1809 adeptus.
799 1737 880 1793 Prior
904 1736 1008 1793 horum
1034 1737 1113 1812 apud

112 1841 293 1915 Massagetis
328 1840 358 1896 in
392 1841 505 1916 proelio
540 1841 658 1912 cecidit,
696 1843 808 1899 Darous
844 1846 997 1899 senectute
1033 1842 1113 1900 diem
1138 1869 1165 1899 ιο

112 1946 181 2004 obiit
213 1951 394 2020 supromum.
448 1947 522 2003 Tros
554 1956 621 2004 sunt
652 1953 807 2021 praeterea
838 1946 970 2005 oiusdem
998 1949 1112 2022 gentis:

112 2053 219 2109 Xerxos
259 2062 290 2110 et
328 2051 388 2110 duo
425 2054 613 2122 Artaxerxae,
653 2053 822 2109 Macrochir
863 2053 1042 2126 cognomine
1084 2064 1114 2111 et

113 2158 265 2216 Mnomon.
307 2159 397 2214 Xerxi
417 2158 545 2215 maixime
567 2168 611 2214 est
632 2158 761 2229 inlustre,
784 2157 865 2231 quod
889 2159 1021 2216 meinimis
1046 2170 1114 2233 post

113 2262 263 2322 hominurn
298 2264 473 2322 memoriam
509 2264 686 2321 exercitibus
726 2269 803 2321 terro
838 2271 969 2339 marique
1004 2265 1114 2323 bellum

113 2369 205 2429 intulit
226 2370 382 2429 Graeciae.
424 2372 463 2428 At
485 2370 654 2427 Macrochir
675 2370 865 2445 praecipuam
887 2370 977 2428 habet
995 2371 1113 2429 laudem
1138 2391 1162 2438 ις

114 2476 307 2552 amplissimae
335 2476 608 2550 pulcherrimaeque
637 2477 768 2550 corporis
797 2476 924 2547 formae,
953 2494 1042 2550 quam
1070 2477 1112 2534 in-

116 2582 243 2640 credibili
268 2581 382 2639 ornavit
406 2581 512 2638 virtrite
538 2580 607 2638 belli
617 2602 626 2653 ;
658 2600 786 2656 namque
815 2581 864 2639 illo
894 2583 995 2638 Persos
1024 2587 1113 2640 nemo

117 2692 197 2745 mano
223 2687 277 2744 suit
303 2687 413 2745 sortior.
457 2687 601 2745 Mnemon
622 2697 721 2744 autern
744 2687 869 2744 iostitiae
891 2686 975 2744 fama
996 2687 1093 2745 floruit
1104 2709 1112 2759 ;

116 2810 176 2850 nam
205 2811 275 2850 cum
304 2793 403 2850 mitris
430 2811 501 2850 suae
529 2793 639 2851 scelere
669 2793 813 2850 amisisset
841 2796 973 2864 uxorem,
999 2802 1113 2851 tantum

116 2896 229 2955 indulsit
264 2897 369 2967 dolori,
398 2908 431 2956 ut
466 2916 534 2955 eum
569 2899 663 2972 pietas
698 2898 837 2955 vinceret.
895 2899 940 2954 Ex
974 2897 1018 2955 his
1053 2898 1114 2957 duo
1136 2922 1165 2953 ιο

117 3003 217 3061 eodem
244 3004 364 3062 nomine
389 3004 495 3063 morbo
519 3009 639 3062 naturae
665 3003 798 3061 dobitum
828 3002 1030 3075 reddidorunt,
1056 3014 1112 3061 ter·
1166 3006 1171 3014 '

117 3106 165 3166 tius
187 3109 225 3168 ab
248 3110 396 3168 Arrabono
418 3110 569 3185 praesecto
591 3109 667 3167 ferro
690 3110 884 3183 interomptus
905 3118 959 3166 est.

151 3216 191 3272 ΙΙ.
221 3216 268 3272 Ex
297 3216 499 3274 Macedonum
532 3225 629 3272 autem
661 3225 749 3290 gente
781 3213 841 3271 duo
874 3213 965 3272 multo
997 3219 1115 3273 coteros

118 3325 332 3379 antecessorunt
353 3326 449 3378 rorum
474 3326 621 3395 gestarum
645 3321 754 3394 gloria:
785 3320 945 3394 Philippus,
967 3322 1114 3395 Amyntae

118 3423 198 3495 iilius,
234 3436 265 3484 et
302 3424 468 3483 Alexander
507 3426 640 3500 Magnus.
697 3427 813 3482 Horum
852 3425 927 3482 alter
965 3425 1115 3501 Babylone
1137 3450 1163 3496 25

120 3531 216 3590 morbo
241 3536 434 3606 consomptus
459 3541 512 3602 est,
536 3531 686 3605 Philippus
712 3531 809 3606 Aegiis
832 3536 849 3588 a
872 3532 1023 3602 Pausania,
1045 3549 1114 3588 cum

120 3643 278 3709 spectitum
306 3635 392 3695 lodos
419 3642 483 3708 iret,
509 3637 590 3694 iuxta
618 3637 763 3694 theatrum
792 3642 906 3694 occisus
935 3647 988 3694 est.
1030 3623 1114 3696 Unus

618 3771 664 3823 103
