2574 4146
460 747 511 805 rv.
540 733 768 807 mussulis.
851 698 854 703 ’

153 925 177 982 Ι.
208 923 366 982 Pausanies
395 923 649 982 Lacedaemonius
677 930 800 999 megnus
824 923 924 996 home,
947 923 1000 983 sed
1020 923 1115 982 varius

113 1029 247 1088 inomni
270 1046 377 1104 genere
402 1035 479 1087 vitae
503 1029 576 1102 fuit;
611 1048 681 1087 narn
709 1040 741 1088 ut
768 1029 922 1089 virtritibus
951 1030 1049 1101 elexit,
1075 1036 1116 1087 sic

113 1135 186 1193 vitiis
223 1144 269 1193 est
303 1135 434 1193 obrutus.
491 1135 587 1193 Heius
622 1136 856 1194 inlr'rstrissimum
892 1144 936 1194 est
970 1135 1115 1210 proelium

115 1241 192 1315 apud
222 1241 362 1298 Plataees.
421 1241 558 1315 Namque
588 1241 638 1299 illo
666 1241 743 1299 duce
772 1240 955 1313 Mardonius,
984 1246 1116 1315 satrapes

114 1347 218 1422 regius,
248 1347 367 1404 natiene
400 1345 517 1418 Medus,
545 1347 620 1422 regis
655 1365 754 1422 gener,
783 1347 814 1404 in
848 1353 947 1422 primis
982 1347 1115 1404 omnium
1140 1373 1151 1420 ς

116 1454 269 1511 Persarum
295 1462 325 1509 et
350 1457 438 1510 mame
460 1452 541 1510 sortis
566 1462 596 1510 et
617 1453 731 1510 censilii
755 1453 868 1527 plenus,
890 1471 958 1510 cum
980 1437 1116 1511 ducentis

116 1559 230 1617 milibus
254 1557 400 1634 peditum,
425 1564 499 1633 ques
523 1559 631 1617 viritim
654 1559 774 1634 legerat,
798 1570 828 1618 et
855 1560 956 1634 viginti
984 1561 1115 1634 equitum

115 1664 191 1722 haud
216 1665 258 1721 ita
285 1669 392 1739 magne
420 1669 508 1722 mam'r
536 1665 681 1723 Graeciae
710 1666 824 1741 sugetus
852 1675 905 1737 est,
929 1667 1024 1740 eeque
1053 1666 1116 1740 ipse

115 1769 173 1827 dux
194 1769 307 1827 cecidit
327 1769 449 1844 proelio.
501 1770 568 1844 Qua
588 1771 710 1829 victoria
731 1771 822 1829 eletus
845 1771 970 1845 plurima
992 1771 1115 1828 miscere

115 1876 214 1951 coepit
239 1885 271 1933 et
295 1876 404 1933 meiera
432 1881 653 1951 concupiscere.
706 1876 765 1935 Sed
793 1867 919 1951 primum
948 1877 979 1933 in
1007 1881 1043 1934 ee
1072 1886 1117 1934 est
1140 1909 1166 1939 ιο

115 1981 319 2056 reprehensus,
347 1981 429 2055 quod
457 1999 494 2038 ex
521 1982 632 2056 praede
658 1981 806 2056 tripodem
837 2000 957 2039 aureum
992 1982 1116 2057 Delphis

115 2087 260 2161 posuisset
288 2087 501 2162 epigrammate
527 2093 679 2163 inscripto,
706 2088 737 2145 in
764 2092 824 2162 que
855 2088 929 2145 haec
961 2097 1022 2146 erat
1050 2106 1115 2145 sen-

115 2193 224 2250 tentia:
262 2198 315 2250 sue
343 2193 433 2251 ductir
468 2192 608 2252 barbares
641 2193 721 2268 apud
750 2195 881 2251 Plataeas
909 2212 972 2251 esse
1002 2194 1117 2251 deletes

115 2299 235 2373 eiusque
260 2299 399 2356 victoriae
428 2305 499 2375 ergo
523 2299 652 2374 Apollini
679 2297 710 2356 id
739 2299 851 2356 denum
879 2298 1006 2357 dedisse.
1050 2301 1117 2357 Hos

115 2409 213 2462 verses
250 2403 481 2462 Lacedaemonii
512 2404 735 2480 exsculpserunt
762 2422 859 2479 neque
887 2404 966 2461 aliud
995 2410 1116 2479 scripse·
1141 2431 1164 2479 ¹5

115 2519 180 2567 runt
218 2528 310 2583 quam
347 2510 469 2567 nemina
507 2515 608 2567 cerum
646 2511 807 2582 civitatum,
846 2516 968 2584 querum
1009 2511 1116 2568 auxilio

117 2615 220 2673 Persae
242 2624 325 2672 erant
345 2621 421 2673 victi.

154 2722 196 2778 II.
226 2723 297 2778 Post
325 2719 355 2777 id
384 2721 530 2796 proelium
558 2720 687 2779 eundem
716 2721 889 2779 Pausaniam
925 2740 993 2779 cum
1024 2722 1116 2779 classe

116 2831 266 2884 communi
288 2826 420 2900 Cyprum
443 2837 531 2901 atque
555 2827 783 2902 Hellespontum
806 2831 955 2899 misenmt,
973 2837 1004 2885 ut
1025 2845 1062 2884 ex
1076 2834 1116 2885 eis

115 2931 283 3006 regionibus
310 2932 501 2991 barbarorum
529 2932 677 3006 praesidia
705 2933 876 3008 depelleret.
929 2934 993 2989 Pari
1021 2933 1115 2990 felici·
1139 2962 1186 2993 20·
1235 2989 1240 3000 ‚

117 3041 172 3094 tete
201 3038 232 3094 in
260 3041 297 3094 ee
323 3041 355 3094 re
381 3042 450 3095 r'rsus
478 3037 581 3096 eletius
609 3043 641 3096 se
668 3056 771 3114 gerere
800 3038 900 3113 coepit
931 3039 1115 3113 meieresque

116 3133 256 3216 appetere
286 3146 341 3200 res.
398 3144 477 3200 Nam
507 3162 575 3201 cum
611 3144 752 3218 Byzantie
787 3149 955 3219 expirgnete
989 3145 1116 3218 cepisset

117 3248 283 3322 complures
309 3250 461 3306 Persemm
484 3249 598 3307 nebiles
623 3260 712 3324 atque
742 3250 833 3307 ineis
860 3250 1017 3308 nennelles
1041 3252 1116 3326 regis

117 3359 307 3429 propinquos
333 3353 387 3412 hes
415 3355 492 3412 clam
519 3357 610 3412 Xerxi
637 3355 757 3427 remisit,
783 3356 920 3413 simulens
949 3375 986 3413 ex
1013 3357 1116 3414 vinclis

117 3459 238 3532 peblicis
261 3459 412 3535 effugisse,
433 3469 463 3518 et
485 3467 610 3519 cumeis
636 3461 804 3536 Gongylum
835 3463 1043 3534 Eretriensem‚
1067 3471 1117 3536 qui
1139 3491 1165 3536 ²5

117 3563 225 3623 litteras
247 3570 308 3640 regi
330 3565 478 3638 redderet,
502 3567 532 3624 in
556 3568 663 3641 quibus
687 3569 761 3626 haec
786 3568 874 3626 fuisse
902 3575 1010 3643 scripta
1037 3569 1115 3626 Thir-

117 3669 237 3746 cydides
272 3670 433 3728 memoriae
468 3671 618 3747 predidit:
659 3677 677 3704 “
687 3674 852 3744 Pausanias,
888 3672 949 3730 dux
984 3674 1115 3748 Spartae,

629 3807 657 3857 19
