2574 4146
112 256 154 318 42
404 248 574 297 CORNELII
597 247 745 296 NEPOTls
767 247 876 294 VITAE
1056 245 1117 309 [111.,
1128 257 1162 294 iv.

161 440 219 497 que
246 422 309 479 eius
337 422 465 479 consiliis
493 421 616 492 obstitit,
637 438 736 495 neque
760 424 831 476 vero
858 424 919 477 non
943 419 998 476 fuit
1021 429 1162 494 apertum,

161 535 186 587 si
214 529 262 586 ille
295 533 355 586 non
386 528 495 599 fuisset,
523 528 691 602 Agesilium
721 526 821 583 Asiam
850 527 950 582 Tauro
985 535 1073 583 tenus
1107 530 1165 600 regi

86 672 89 677 ·
162 635 250 693 fuisse
270 639 448 709 creptrirum.

203 741 262 814 Qui
286 747 391 815 postea
414 758 502 814 quam
528 739 650 796 domum
674 744 691 796 i
713 745 770 796 suis
796 736 908 796 civibus
931 742 1090 795 revocatus
1115 750 1167 808 est,

128 868 138 913 5
162 845 244 918 quod
267 845 372 902 Boeoti
394 854 423 901 et
444 844 640 901 Athenienses
662 844 906 902 Lacedaemoniis
926 844 1038 901 bellum
1057 843 1169 902 indixe-

164 960 237 1022 rant,
257 950 367 1009 Conon
388 949 480 1007 nihilo
501 951 591 1007 setius
611 949 692 1024 apud
714 950 880 1023 praefectos
901 950 978 1024 rigis
999 951 1170 1008 versabitur

163 1064 262 1131 eisque
278 1056 416 1114 omnibus
438 1061 544 1130 magno
566 1067 629 1113 erat
650 1060 721 1112 risui.

206 1162 264 1218 ΙΙΙ.
294 1161 460 1219 Defecerat
498 1167 516 1218 a
553 1166 623 1236 rege
656 1161 878 1236 Tissaphemeq
907 1179 1006 1235 neque
1040 1160 1074 1219 id
1108 1172 1170 1219 tam

164 1269 314 1324 Artaxerxi
342 1286 431 1342 quam
456 1271 562 1324 ceteris
586 1277 648 1324 erat
672 1278 807 1341 apertum
818 1288 826 1338 3
856 1267 953 1324 multis
981 1267 1064 1324 enim
1089 1273 1170 1342 mrig-

117 1380 266 1447 ranisque
299 1374 409 1431 meritis
440 1373 520 1447 apud
552 1378 662 1448 regem,
691 1374 780 1430 etiarn
810 1392 879 1430 cum
907 1373 938 1429 iu
972 1373 1074 1430 officio
1108 1378 1172 1431 non

165 1483 306 1550 maneret,
327 1479 451 1537 valibat.
495 1480 601 1552 Neque
623 1480 654 1536 id
677 1488 739 1536 erat
761 1478 935 1549 mirandum,
955 1485 980 1536 si
1000 1484 1063 1536 non
1084 1479 1172 1536 facile

166 1585 204 1642 ad
232 1584 415 1643 credendum
446 1583 658 1654 addicebitur,
688 1587 878 1642 reminisceus
913 1585 976 1642 eius
1011 1588 1043 1641 se
1078 1591 1173 1659 opera

166 1690 275 1765 Cyrum
297 1692 415 1748 fratrem
436 1696 597 1765 superisse.
641 1692 738 1748 Hriius
763 1689 922 1748 accusandi
945 1691 1038 1764 gritii
1061 1691 1173 1748 Conon

166 1802 183 1853 a
204 1797 392 1855 Pharnabazo
414 1797 453 1854 ad
475 1801 574 1871 regem
588 1805 690 1855 missus
710 1803 814 1871 postei
833 1816 922 1871 quam
937 1799 1027 1868 veuit,
1043 1805 1173 1871 primum

118 1924 142 1970 ¹5
166 1920 202 1959 ex
225 1908 307 1960 more
331 1905 482 1960 Persarum
505 1902 543 1959 ad
565 1903 767 1973 chiliarchum,
789 1909 839 1976 qui
860 1901 1024 1960 secundum
1044 1901 1172 1976 gradum

166 2009 281 2083 imperii
307 2010 436 2078 tenibat
460 2009 649 2066 TithraustEn
677 2009 802 2066 accessit
829 2013 919 2083 seque
945 2007 1077 2065 ostendit
1099 2026 1172 2066 cum

166 2119 235 2188 rege
263 2115 402 2188 conloqui
430 2115 514 2172 velle.
558 2115 638 2171 Huic
667 2114 724 2184 ille,
751 2114 898 2184 “Nulla,”
925 2113 1028 2188 inquit,
1058 2117 1172 2171 “mora
1213 2107 1215 2116 ¹

167 2231 220 2291 est,
242 2221 295 2278 sed
320 2226 351 2278 tri
373 2220 513 2290 delibera,
535 2231 633 2278 utrum
657 2221 796 2294 conloqui
821 2221 904 2277 malis
925 2237 963 2276 an
984 2237 1039 2294 per
1059 2219 1173 2277 litteris

166 2344 253 2402 agere
278 2344 354 2401 quae
379 2328 500 2401 cogitas.
544 2327 676 2384 Necesse
701 2336 745 2383 est
768 2326 857 2397 enim,
880 2332 903 2382 si
923 2326 954 2382 in
974 2330 1171 2399 conspectum

116 2457 144 2488 20
166 2433 290 2503 veneris
311 2439 443 2489 venerari
464 2437 493 2489 te
515 2437 615 2507 regern
627 2453 634 2503 3
663 2436 752 2489 nemo
774 2432 853 2489 enim
874 2432 937 2488 sine
959 2431 1017 2488 hoc
1039 2430 1171 2488 admitti·

167 2548 221 2596 tur.
265 2540 335 2596 Hoc
363 2545 386 2595 si
414 2538 466 2595 tibi
494 2556 580 2613 grave
609 2548 662 2608 est,
688 2556 742 2613 per
769 2542 817 2595 me
845 2537 936 2594 nihilo
964 2536 1054 2594 setius
1082 2535 1172 2594 editis

167 2644 315 2702 mandatis
336 2645 476 2701 conficies
497 2644 578 2717 quod
600 2644 730 2701 studesl’

206 2751 284 2806 Turn
323 2750 429 2808 Conon
464 2750 568 2806 “Mihi
606 2752 707 2821 ver6,''
738 2750 843 2823 inquit,
874 2753 963 2806 “non
1000 2757 1045 2805 est
1082 2765 1170 2822 grave

167 2862 300 2930 quemvis
321 2855 464 2913 honorem
487 2855 596 2913 habere
617 2860 687 2930 regi,
702 2855 755 2913 sed
776 2873 880 2913 vereor
901 2859 939 2912 ne
958 2854 1067 2911 civitaiti
1086 2871 1169 2911 meae

117 2986 144 3032 ²5
167 2962 204 3019 sit
233 2961 403 3035 opprobrio,
426 2968 458 3031 si,
481 2980 549 3018 cum
575 2979 612 3018 ex
640 2967 676 3019 ei
703 2963 758 3018 sim
787 2962 935 3036 profectus
961 2977 1037 3033 quae
1065 2963 1169 3017 ceteris

168 3067 304 3141 gentihus
324 3067 469 3141 imperare
491 3068 648 3138 consuent,
663 3068 761 3142 potius
782 3067 971 3125 barbarorum
989 3083 1080 3139 quam
1098 3065 1169 3121 illius

70 3181 74 3189 '
170 3178 252 3231 more
273 3174 404 3248 fungar.'’
448 3173 552 3247 Itaque
574 3192 649 3248 quae
670 3173 788 3232 volibat
813 3172 881 3230 huic
906 3179 1014 3246 scripta
1039 3170 1167 3229 tradidit.

211 3280 261 3338 IV.
291 3279 406 3352 Quibus
427 3280 551 3352 cognitis
573 3283 623 3336 rix
649 3290 762 3336 tantum
787 3279 960 3336 auctoritate
986 3277 1048 3334 'e'ius
1073 3281 1169 3334 motus
1200 3352 1206 3365 ι

170 3394 223 3454 est,
248 3395 280 3441 ut
305 3394 335 3441 et
358 3367 587 3458 Tissaphernem
614 3385 729 3442 hostem
755 3383 889 3441 iudicarit
914 3393 944 3440 et
970 3382 1169 3440 Lacedaemo·

121 3516 148 3563 30
170 3489 234 3546 nios
262 3489 340 3546 hello
368 3496 506 3564 persequi
533 3491 647 3548 iusserit
676 3502 706 3549 et
730 3497 758 3547 ei
781 3489 946 3565 permiserit
970 3506 1059 3561 quem
1084 3488 1170 3545 vellet

171 3594 277 3668 eligere
299 3594 337 3652 ad
362 3595 590 3670 dispeusandam
617 3597 784 3671 pecuniam.
827 3595 864 3652 ld
888 3594 1039 3652 arbitrium
1064 3594 1169 3651 Conon

171 3699 287 3774 negaivit
308 3707 352 3757 sui
372 3719 436 3758 esse
457 3702 579 3773 consilii,
598 3703 650 3760 sed
673 3703 771 3776 ipsiuS,
792 3707 842 3777 qui
862 3700 975 3775 optime
996 3703 1064 3756 suos
1085 3703 1169 3756 nosse
