2574 4146
104 256 163 320 111.]
511 252 767 302 THRASYBULUS
1125 260 1166 326 39

105 438 300 503 contemptus
333 438 379 485 est
414 431 509 501 primu
543 432 561 483 u
594 432 723 501 tyrannis
757 435 845 500 atque
880 426 942 484 eius
976 427 1113 486 solitudu.

107 535 195 608 Quae
212 532 337 609 quidem
358 537 405 590 res
426 542 456 590 et
477 532 531 590 illis
552 532 811 590 contemnentibus
832 532 975 607 perniciei
995 543 1025 590 et
1046 532 1114 591 huic

106 639 256 716 despectu
284 639 369 696 saluti
397 639 450 696 fuit
460 658 469 711 ;
505 639 614 696 etenim
644 638 708 695 illes
737 642 842 712 segnes
869 637 908 695 ad
938 656 1115 714 persequen-

106 746 192 818 dum,
221 744 275 803 hus
304 754 403 802 autem
431 753 567 818 tempore
595 743 633 800 ad
662 742 897 818 comparandum
933 743 1004 803 datu
1040 746 1115 804 fecit

106 852 299 910 rubustiures.
355 849 423 924 Quu
458 847 551 924 magis
586 859 778 924 praeceptum
814 849 885 907 illud
919 852 1051 909 omnium
1078 854 1115 911 'in
1139 874 1150 921 5

106 958 213 1015 animis
249 974 313 1014 esse
349 954 448 1027 debet,
483 955 555 1012 nihil
590 939 636 1012 in⁸
655 955 733 1013 bellu
774 961 913 1031 oportere
954 965 1115 1030 contemni,

106 1081 208 1138 neque
234 1063 296 1120 sine
317 1067 407 1119 cause
430 1061 538 1119 dicitur
563 1066 686 1118 metrem
712 1060 807 1118 timidi
832 1061 902 1120 flere
926 1068 986 1120 nun
1011 1065 1113 1123 solere.

108 1169 219 1244 Neque
242 1178 342 1226 tamen
366 1172 421 1243 pru
445 1167 585 1242 opiniune
609 1166 784 1241 Thrasybuli
808 1178 912 1226 auctae
934 1180 1000 1227 sunt
1022 1175 1094 1245 opes
1105 1192 1113 1243 3

107 1293 179 1331 nam
204 1274 264 1331 iam
286 1274 340 1331 illis
362 1273 544 1348 temporibus
566 1273 668 1331 fortius
690 1273 762 1331 boni
782 1279 837 1348 pru
857 1274 991 1333 libertete
1012 1276 1114 1350 loque-

108 1380 217 1439 bantur
244 1397 335 1455 quam
363 1380 543 1454 pugnebant.
586 1379 669 1437 Hinc
694 1380 724 1437 in
750 1381 884 1438 Piraeum
909 1382 1022 1438 trunsiit
1048 1384 1113 1440 Mu·
1137 1388 1166 1441 ‘10

107 1486 308 1561 nychiamque
338 1485 469 1543 munivit.
516 1486 606 1542 Hanc
634 1485 679 1543 bis
707 1492 822 1559 tyranni
849 1491 1020 1561 oppugnure
1049 1498 1116 1546 sunt

107 1590 216 1664 adorti,
238 1591 277 1649 ab
301 1596 395 1666 euque
421 1591 544 1665 turpiter
567 1592 675 1666 repulsi
697 1591 830 1665 prutinus
851 1592 881 1648 in
903 1593 1006 1651 urbem
1028 1600 1116 1651 armis

107 1697 391 1773 impedimentisque
412 1702 524 1755 emissis
547 1697 732 1771 refugerunt.

149 1790 230 1863 Usus
254 1813 301 1861 est
324 1802 523 1878 Thrasybulus
547 1808 607 1860 nun
629 1802 725 1860 minus
747 1801 903 1878 prudentie
924 1823 1013 1879 quam
1035 1806 1115 1863 forti-

20 1980 23 1985 ,
107 1908 213 1967 tudine
224 1929 233 1982 3
262 1926 331 1966 nam
356 1907 499 1966 cedentes
524 1909 626 1966 violuri
648 1909 882 1967 vetuit-cives
904 1911 983 1967 enim
1005 1911 1116 1969 civibus
1141 1937 1164 1982 ¹5

108 2032 234 2090 parcere
257 2031 387 2089 aequum
411 2014 711 2088 censebat-neque
736 2015 891 2088 quisquam
917 2027 960 2073 est
984 2016 1114 2073 vulneru-

107 2131 155 2179 tus
181 2120 238 2178 nisi
262 2125 314 2194 qui
338 2120 417 2194 prior
441 2120 613 2193 impugnare
639 2119 739 2179 voluit.
783 2121 1115 2221 Neminem‘iacentem

107 2237 191 2285 veste
219 2225 365 2300 spoliauit,
397 2226 437 2282 nil
465 2224 561 2299 attigit
591 2224 647 2281 nisi
678 2243 768 2295 arma,
797 2230 938 2300 querum‘
954 2227 1115 2302 indigebat,

106 2349 247 2407 quaeque
268 2330 308 2388 ad
332 2337 443 2388 victum
468 2331 665 2405 pertinebant.
704 2333 744 2417 ¹In
770 2328 902 2389 secunde
928 2333 1042 2407 proeliu
1067 2351 1115 2391 ce-

108 2437 186 2495 cidit
228 2436 344 2508 Crities,
380 2435 441 2493 dux
482 2441 682 2510 tyrannerum,
718 2455 786 2493 cum
821 2416 942 2512 quidem
978 2438 1117 2497 adversus
1139 2467 1167 2498 20

105 2541 325 2618 Thrasybulum
354 2541 511 2599 fortissime
540 2546 693 2616 pugneret.
834 2529 835 2534 ἵ

150 2649 210 2706 III.
240 2649 314 2705 Huc
342 2647 461 2705 deiectu
491 2648 646 2705 Pausanius
676 2648 755 2704 venit
784 2649 888 2706 Atticis
919 2651 1037 2722 auxilie,
1066 2657 1116 2710 rex

107 2753 427 2812 Lacedaemoniurum.
485 2754 514 2810 Is
549 2753 625 2810 inter
661 2753 875 2829 Thrasybulum
913 2766 942 2812 et
977 2762 1037 2828 eus,
1067 2765 1117 2831 qui

106 2861 214 2918 urbem
243 2860 395 2930 tenebant,
418 2858 493 2916 feeit
521 2864 627 2933 pucem
655 2857 699 2916 his
727 2859 971 2919 condiciunibus:
1000 2868 1038 2920 ne
1066 2871 1116 2936 qui

106 2975 228 3040 praeter
253 2964 370 3039 triginte
395 2968 534 3037 tyrannus
560 2974 589 3021 et
614 2963 731 3034 decem,
756 2972 807 3039 qui
833 2973 937 3041 posteu
964 2973 1115 3043 praetures
1139 2998 1164 3043 ²5

106 3075 201 3128 creuti
225 3069 384 3144 superiuris
408 3074 492 3126 mure
521 3069 701 3127 crudelitutis
730 3083 812 3128 erant
841 3077 893 3143 uu,
918 3072 1115 3132 adficerentur

107 3176 212 3234 exsiliu
237 3179 313 3233 neve
339 3175 418 3232 bona
445 3174 684 3249 publicurentur;
716 3183 759 3233 rei
783 3178 920 3250 publicae
948 3182 1114 3253 precurutiu

106 3282 222 3356 populu
251 3279 434 3338 redderetur.
487 3281 671 3337 Praeclerum
701 3282 758 3339 huc
786 3301 904 3358 quoque
931 3285 1113 3360 Thrasybuli,

106 3386 193 3462 quod
217 3387 408 3445 reconciliute
432 3391 517 3461 puce,
540 3404 607 3443 cum
633 3386 791 3461 plurimum
815 3389 846 3445 in
867 3390 983 3447 civitute
1006 3404 1114 3465 posset,

106 3494 207 3568 legem
232 3492 300 3550 tulit
323 3495 361 3549 ne
384 3491 449 3566 quis
471 3502 539 3549 ante
561 3497 693 3550 actarum
715 3498 811 3550 rerum
833 3498 1020 3552 accusuretur
1040 3502 1115 3555 neve
1138 3493 1175 3573 30*

106 3597 292 3668 multaretur,
328 3615 454 3672 eamque
488 3598 529 3655 illi
564 3598 719 3657 obliviunis
754 3599 945 3672 appellurunt.
1008 3603 1114 3675 Neque

103 3707 184 3764 veru
206 3702 284 3760 hanc
309 3712 422 3761 tanturn
448 3703 600 3801 serendayrn
623 3704 744 3775 curent,
766 3704 819 3762 sed
842 3705 932 3762 etiam
952 3714 985 3762 ut
1006 3705 1116 3765 valeret
