2574 4146
120 250 179 298 122
407 247 576 298 CORNELII
597 247 747 300 NEPOTIS
768 248 875 300 VITAE
1128 254 1164 320 [v.

165 430 198 477 ut
229 420 350 478 Athenis
381 425 466 478 uetus
496 420 662 494 videretur3
697 433 779 482 tanta
812 434 912 483 autem
947 427 1072 485 suevites
1108 439 1167 486 erat

166 527 308 584 sermenis
337 526 443 598 Latini,
471 536 504 584 ut
531 533 688 603 appereret
715 529 746 586 in
776 535 815 587 ee
845 537 975 588 netivum
1007 533 1166 607 quemdam

165 632 298 707 leperem
323 650 396 704 esse,
418 638 479 690 nen
503 641 636 692 ascitum.
676 621 766 692 ldem
794 639 934 710 poemata
962 639 1168 713 premintiebat

166 747 196 795 et
230 739 347 796 Graece
378 748 408 796 et
443 739 547 797 Latine
580 746 633 813 sic,
661 750 693 798 ut
726 747 814 816 supre
847 741 920 799 nihil
953 754 1056 818 posset
1090 743 1167 803 addi.

129 864 140 911 ς
165 844 281 917 Quibus
308 844 395 902 rebus
424 844 535 902 sactum
563 856 608 904 est
635 856 668 904 ut
696 846 774 905 Sulla
801 865 946 922 nusquam
975 867 1044 907 eum
1072 851 1112 910 ab
1138 855 1167 909 se

165 948 326 1007 dimitteret
353 959 535 1024 cuperetque
566 955 668 1009 secum
698 951 858 1011 dedecere.
914 954 971 1013 Cui
1001 973 1071 1012 eum
1104 974 1167 1031 per·

164 1053 288 1112 saedere
325 1059 491 1126 tempteret,
524 1054 630 1124 “Neli,
663 1060 716 1112 ere
751 1057 810 1127 te,’'
846 1054 943 1129 inquit
978 1058 1165 1132 Pompenius

137 1195 140 1199 ·
165 1160 348 1218 “adversum
377 1164 428 1217 ees
454 1163 502 1216 me
526 1160 601 1217 velle
626 1159 746 1230 deicere,
771 1178 840 1217 cum
865 1161 972 1234 quibus
1000 1165 1039 1220 ne
1067 1167 1167 1221 contre

165 1270 194 1323 te
222 1284 303 1322 arma
332 1265 448 1336 serrem,
471 1251 589 1322 ltaliam
617 1266 749 1340 reliqui.”
799 1268 839 1323 At
866 1266 944 1324 Sulla
971 1266 1166 1326 adulescentis

116 1399 142 1429 ιο
165 1371 264 1429 officie
292 1370 470 1428 conlaudete
497 1371 598 1428 omnia
626 1376 748 1429 menera
775 1377 811 1444 ei,
833 1389 910 1446 quae
934 1372 1059 1430 Athenis
1084 1378 1165 1431 acee-

164 1487 257 1552 perat,
279 1477 468 1552 proficiscens
489 1477 572 1534 iussit
593 1476 708 1534 deferri.

206 1585 267 1641 Hic
299 1583 467 1657 compleres
498 1587 592 1640 annes
622 1587 761 1653 moretus,
790 1600 859 1640 cum
893 1593 924 1640 et
958 1589 1000 1641 rei
1035 1584 1167 1642 familieri

164 1698 279 1747 tantum
311 1706 418 1763 operae
454 1688 546 1758 daret,
575 1697 718 1762 quantum
756 1693 818 1746 nen
851 1689 1009 1763 indiligens
1044 1689 1167 1748 deberet

164 1805 250 1870 pater
277 1795 409 1866 families,
432 1805 461 1851 et
490 1794 590 1851 omnia
618 1795 730 1869 reliqua
754 1804 892 1869 tempora
915 1805 966 1853 aut
990 1796 1094 1854 litteris
1119 1807 1167 1854 aut

116 1922 140 1970 ις
165 1900 388 1958 Atheniensium
415 1906 458 1957 rei
482 1900 618 1974 priblicae
648 1901 798 1972 tribueret,
821 1900 912 1960 nihile
941 1900 1039 1959 minus
1067 1909 1166 1958 amicis

164 2006 276 2063 urbena
297 2005 394 2062 officia
416 2006 578 2079 praestitit3
607 2024 676 2062 nam
698 2016 728 2062 et
749 2005 787 2063 ad
808 2006 930 2063 comitia
951 2011 1054 2064 eerum
1075 2007 1165 2064 venti·

165 2112 235 2169 tevit
264 2121 302 2181 et,
331 2117 356 2167 si
383 2128 442 2184 qua
470 2115 516 2168 res
546 2111 638 2168 meior
664 2116 730 2168 aicta
758 2121 811 2182 est,
840 2117 901 2169 nen
930 2110 1033 2170 deluit.
1089 2113 1166 2171 Sicut

165 2218 303 2276 Cicereni
344 2217 374 2273 in
412 2217 548 2274 omnibus
589 2218 651 2275 eius
689 2217 824 2291 periculis
858 2218 1034 2292 singulerem
1077 2218 1166 2276 fidem

165 2323 300 2399 praebuit
311 2344 319 2394 ;
356 2329 405 2381 cui
435 2341 471 2380 ex
504 2324 598 2398 patrie
627 2324 749 2398 fugienti
780 2324 945 2381 sestertium
977 2324 1108 2382 ducenta
1138 2335 1167 2382 et

114 2455 142 2486 20
164 2429 381 2504 quinqueginte,
410 2429 487 2485 milia
521 2429 651 2486 denevit.
708 2428 913 2503 Tranquilletis
946 2439 1045 2486 autem
1081 2430 1166 2489 rebus

165 2537 307 2593 Remenis
331 2534 497 2608 remigrevit
521 2536 659 2606 Remum,
680 2544 712 2592 ut
737 2540 843 2609 opinor
868 2535 900 2592 L.
922 2534 1014 2593 Cotte
1038 2535 1072 2592 L.
1093 2537 1165 2592 Tor-

164 2646 255 2715 quete
280 2640 468 2712 censulibu53
497 2658 587 2714 quem
611 2639 816 2699 discedentem
840 2647 882 2698 sic
906 2640 1041 2698 iiniversa
1065 2641 1166 2698 civitais

164 2747 386 2805 Atheniensium
418 2750 575 2821 presecuta
605 2756 659 2818 est,
687 2757 719 2803 ut
751 2745 877 2803 lacrimis
907 2745 1047 2804 desiderii
1082 2747 1167 2804 futeri

164 2854 298 2912 dolerem
320 2853 473 2911 indiceret.

114 2984 138 3030 ²5
202 2962 238 3020 V.
268 2961 410 3018 Habebat
434 2960 610 3016 avunculum
635 2959 673 3033 Q.
699 2958 873 3029 Caecilium,
900 2949 1030 3033 equitem
1056 2961 1165 3017 Reme-

162 3085 243 3138 num‚
269 3065 442 3124 familierem
471 3065 504 3121 L.
533 3064 654 3135 Luculli,
682 3065 815 3135 divitem,
844 3063 1016 3121 difficillime
1043 3071 1165 3135 uenire3

163 3172 244 3228 ceius
275 3178 317 3229 sic
347 3169 537 3245 asperitetem
567 3170 675 3226 veritus
706 3180 760 3242 est,
784 3179 826 3241 ut,
856 3187 946 3243 quem
972 3174 1062 3227 neme
1091 3171 1165 3228 serre

162 3287 272 3350 posset,
306 3276 390 3333 hriius
425 3275 489 3332 sine
524 3274 690 3332 offensiene
725 3273 764 3332 ad
799 3293 946 3334 summam
981 3281 1165 3333 senectritem

162 3382 313 3440 retinuerit
340 3380 587 3439 benevolentiam.
643 3379 712 3452 Que
741 3381 819 3439 lacte
847 3380 913 3438 tulit
940 3381 1058 3455 pietetis
1091 3383 1163 3439 inic-

111 3514 139 3560 30
161 3497 234 3546 tum.
275 3485 422 3546 Caecilius
447 3485 525 3542 enim
554 3484 682 3541 moriens
711 3491 888 3544 testemente
916 3487 1070 3561 adoptevit
1098 3506 1165 3546 eum

162 3593 361 3666 heredemque
383 3591 458 3648 fecit
480 3608 516 3647 ex
537 3588 683 3646 dedrante
695 3611 702 3661 ;
729 3609 764 3647 ex
785 3597 844 3665 quai
864 3592 1029 3650 hereditete
1048 3595 1165 3670 accepit

161 3700 276 3757 circiter
313 3697 447 3755 centiens
486 3695 660 3754 sestertium.
718 3697 789 3754 Erat
827 3702 919 3772 nepta
956 3716 1040 3757 soror
1075 3701 1165 3757 Attici
