2574 4146
59 240 117 304 rm]
498 239 691 290 PELOPIDAS

57 421 112 489 qui
133 413 247 471 Thabis
268 412 348 471 idem
371 413 548 485 sentiobant,
570 413 651 472 diem
677 414 850 489 dalagomnt
874 413 912 472 ad
938 415 1073 473 inimicos

55 519 279 594 opprimendos
307 520 515 595 civitatemque
543 519 727 578 liberandam
761 539 829 578 eum
861 526 922 595 quo
954 522 1073 578 maximi

56 626 250 700 magistratos
274 625 360 683 simul
384 631 561 683 consuorant
589 626 708 700 epulari.
753 628 881 701 Magnae
908 644 998 701 saepe
1027 632 1072 684 ros

54 736 123 788 non
145 731 187 788 ita
208 736 322 805 magnis
343 731 437 805 copiis
458 740 526 789 sunt
545 741 656 805 gestae,
677 731 731 789 sed
753 733 888 806 prolecto
910 750 1071 806 numquam

55 848 121 894 tam
157 836 196 894 ab
225 843 306 894 tenui
334 836 417 894 initio
446 846 545 894 tantae
574 841 646 911 opos
674 847 742 895 sunt
775 837 946 912 profligatae
957 859 966 910 3
1002 856 1070 894 nam
1095 859 1106 907 5

53 941 227 1000 duodecim
255 941 467 1001 aduloscentuli
495 943 629 1000 coiarunt
656 962 692 1000 ex
709 950 760 1015 eis,
785 950 836 1018 qui
860 944 962 1002 exsilio
988 954 1070 1002 erant

54 1048 188 1119 multati,
216 1065 285 1104 eum
320 1053 442 1105 omnino
476 1053 537 1106 non
568 1059 667 1107 essent
701 1050 826 1123 amplius
861 1047 991 1120 centum,
1020 1057 1071 1124 qui

54 1158 147 1211 tanto
174 1158 207 1211 so
235 1153 373 1212 offerrent
401 1155 542 1229 periculo.
592 1155 660 1228 Qua
686 1155 834 1230 paucitate
862 1156 998 1230 perculsa
1026 1166 1070 1213 est

55 1258 372 1318 Lacedaemoniorum
400 1261 543 1334 potentia.
597 1262 622 1317 Ii
651 1261 730 1319 enim
759 1267 819 1318 non
847 1261 939 1336 magis
967 1260 1069 1319 adver-

55 1365 207 1423 sariorum
245 1365 366 1423 factioni
404 1384 493 1440 quam
531 1367 679 1441 Spartanis
718 1372 755 1424 eo
790 1377 924 1441 tempore
960 1367 1070 1424 bellum
1094 1395 1120 1425 10

55 1470 232 1541 intulomnt,
262 1477 312 1545 qui
340 1472 488 1546 principos
517 1483 600 1530 erant
628 1477 716 1530 totius
745 1473 888 1531 Graeciae
899 1494 908 1544 3
943 1479 1068 1546 quorum

56 1576 182 1651 imperii
210 1577 355 1648 maiestas,
377 1595 474 1652 neque
502 1577 544 1635 ita
570 1579 663 1636 multo
691 1588 769 1653 post,
793 1579 947 1636 Leuctrica
970 1584 1070 1653 pogna

56 1682 99 1740 ab
134 1681 192 1739 hoc
222 1681 305 1740 initio
337 1683 473 1757 perculsa
503 1684 644 1742 concidit.
701 1684 746 1741 Illi
777 1684 864 1758 igitur
898 1683 1068 1755 duodecim,

57 1793 191 1862 quorum
218 1787 279 1845 dux
306 1799 369 1846 erat
398 1788 563 1864 Pelopidas,
589 1809 657 1846 cum
686 1790 809 1847 Athonis
837 1788 965 1847 interdio
995 1797 1068 1848 exis-

58 1903 139 1965 sent,
167 1903 200 1950 ut
229 1901 455 1969 vesperascente
487 1896 571 1954 caelo
600 1895 720 1954 Thabas
751 1905 873 1971 possent
907 1903 1068 1970 pervenire,
1094 1919 1118 1965 ¹5

57 2017 133 2057 cum
167 2000 290 2058 canibus
324 2001 465 2059 vonaticis
500 2001 642 2074 exiomnt,
677 2003 750 2060 rotia
791 2002 928 2072 serentos,
963 2008 1069 2061 vestito

58 2112 179 2181 agresti,
204 2112 265 2181 quo
293 2107 408 2165 minore
440 2108 607 2183 suspicione
637 2109 768 2166 facerent
797 2109 861 2166 iter.
885 2113 887 2118 ’
914 2109 973 2181 Qui
1000 2127 1069 2166 cum

58 2221 200 2286 tempore
230 2212 296 2286 ipso
328 2218 388 2286 quo
421 2211 573 2271 studerant
599 2214 810 2288 pervonissent‚
840 2212 963 2271 domum
991 2214 1068 2272 Cha-

58 2317 141 2376 ronis
163 2316 362 2390 dovertorunt,
384 2324 402 2377 a
422 2324 481 2393 quo
503 2329 533 2377 et
554 2329 670 2394 tempus
692 2330 722 2377 et
743 2319 807 2378 dios
828 2329 890 2377 erat
912 2320 1007 2377 datus.

101 2424 162 2481 III.
193 2425 265 2482 Hoc
290 2424 358 2483 loco
376 2424 454 2483 ‘libet
478 2425 676 2500 interponere,
702 2432 758 2483 etsi
781 2426 945 2483 saionctum
971 2427 1009 2484 ab
1037 2431 1069 2484 ro
1091 2450 1119 2481 20

58 2521 215 2604 proposita
236 2539 289 2601 est,
304 2529 396 2587 nimia
418 2529 532 2588 fiducia
552 2541 679 2605 quantae
701 2531 859 2589 calamitati
880 2532 973 2589 soleat
994 2550 1067 2589 esse.

60 2636 142 2693 Nam
163 2636 386 2710 magistratuum
408 2635 620 2694 Thabanorum
642 2637 741 2694 statim
766 2637 805 2695 ad
829 2642 913 2695 auras
934 2638 1069 2711 pervonit

60 2740 176 2799 exsulas
205 2741 236 2798 in
264 2742 368 2799 urbem
397 2742 520 2800 vonisse.
567 2741 604 2800 Id
632 2742 672 2799 illi
698 2748 767 2801 vino
795 2743 946 2817 epulisque
975 2742 1069 2801 doditi

58 2865 154 2922 usque
184 2853 221 2906 eo
250 2846 457 2922 dospoxomnt,
479 2858 511 2906 ut
538 2853 577 2906 no
604 2867 746 2923 quaerere
774 2849 896 2923 quidem
924 2848 963 2907 do
988 2855 1069 2907 tanta

60 2959 92 3012 ro
117 2953 287 3012 laborarint.
329 2954 463 3012 Accessit
487 2953 569 3028 quod
594 2954 684 3011 etiam
707 2955 798 3030 magis
819 2961 944 3029 aperiret
966 2960 1068 3012 eorum
1091 2979 1117 3027 ²5

61 3057 255 3116 domentiam.
297 3058 404 3116 Adlata
425 3069 469 3117 est
491 3059 570 3117 enim
592 3059 717 3134 epistula
737 3061 858 3118 Athonis
880 3061 918 3119 ab
940 3061 1068 3118 Archino

61 3169 111 3222 oni
131 3170 234 3236 exeis,
249 3164 386 3236 Archiae,
401 3171 452 3239 qui
472 3175 535 3222 tum
557 3166 717 3223 maximum
738 3167 938 3241 magistratum
957 3166 1068 3224 Thobis

62 3269 226 3341 obtinebat,
249 3269 280 3327 in
304 3276 362 3344 qua
386 3271 487 3328 omnia
511 3270 550 3329 do
574 3272 759 3346 profectione
781 3277 883 3330 eorum
906 3278 1068 3346 perscripta

64 3385 155 3433 erant.
198 3375 284 3449 Quae
309 3395 378 3433 cum
402 3377 460 3434 iam
486 3378 642 3436 accubanti
666 3377 697 3434 in
722 3377 858 3434 convivio
884 3387 961 3435 esset
988 3376 1067 3448 data,

65 3486 138 3538 sicut
159 3490 223 3539 erat
244 3488 365 3556 signata,
381 3483 435 3541 sub
453 3483 603 3557 pulvinum
621 3482 778 3554 subicions,
794 3487 812 3514 “
824 3485 858 3540 In
879 3484 1066 3554 crastinum‚'’
1091 3511 1118 3555 30

66 3584 168 3660 inquit,
189 3567 330 3645 “differo
348 3593 394 3646 ros
417 3589 534 3647 sorias.'’
576 3590 616 3646 At
640 3589 680 3647 illi
703 3594 816 3661 omnos,
838 3608 907 3647 cum
928 3591 987 3646 iam
1009 3607 1068 3646 nox

70 3693 265 3767 processisset,
293 3694 434 3754 vinolenti
464 3695 502 3756 ab
533 3695 679 3754 exsulibus
711 3695 788 3754 duce
824 3695 967 3769 Pelopida
1001 3705 1068 3753 sunt
