2574 4146
409 270 578 320 CORNELII
602 271 750 321 NEPOTIS
772 273 879 320 VITAE
1073 272 1167 336 [1x.,x.

166 442 298 516 pericule
327 443 479 501 timebant.
536 445 574 500 At
603 444 651 500 ille
679 454 767 519 negat
796 452 813 502 e
841 446 996 503 Callicrate
1024 446 1088 503 fieri
1116 446 1169 504 sibi

165 548 295 620 insidies,
326 548 380 606 sed
414 549 472 621 illa,
503 568 579 624 quae
615 560 780 624 agerentur,
812 552 875 608 lieri
909 557 1072 626 praecepte
1108 557 1169 611 sue.

166 655 306 713 Mulieres
334 656 426 714 nihile
454 657 544 714 setius
572 657 759 715 Callicratem
789 658 819 714 in
843 657 950 715 aedem
977 660 1170 734 Preserpinae

86 793 88 797 <
165 760 319 820 deducunt
349 780 384 818 ac
415 762 509 819 iurare
540 767 659 836 cegunt,
687 763 760 819 nihil
794 763 832 821 ab
867 764 916 820 ille
951 765 1074 838 periculi
1110 765 1171 824 fore

137 868 266 945 5Dieni.
309 868 363 924 Ille
390 868 446 925 hec
474 868 614 943 religiene
642 874 704 926 nen
733 868 825 926 modo
849 875 910 927 nen
935 880 979 928 est
1004 870 1171 944 deterritus

165 973 219 1031 sed
244 973 282 1031 ad
308 972 512 1031 metiuandum
539 974 704 1032 concitetus
729 985 783 1046 est,
804 980 908 1032 verens
933 981 971 1033 ne
996 977 1077 1050 prius
1099 983 1171 1034 cen-

166 1079 261 1137 silium
282 1085 444 1153 aperiretur
465 1098 558 1151 suum,
580 1098 669 1153 quam
692 1080 821 1154 cegiteta
842 1081 1029 1155 perfecisset.

207 1187 259 1242 IX.
289 1187 357 1242 Hec
386 1195 485 1243 mente
514 1185 650 1260 proxime
678 1185 727 1244 die
756 1187 770 1242 f
773 1191 846 1258 este,
869 1204 942 1244 ¹cum
975 1193 992 1244 e
1021 1194 1173 1246 conventri

165 1295 196 1348 se
225 1296 372 1348 temetum
400 1291 481 1349 Dien
510 1290 592 1349 domi
620 1296 735 1350 teneret
759 1301 849 1366 atque
874 1292 904 1350 in
929 1293 1063 1351 conclevi
1088 1293 1173 1353 edite

116 1433 143 1463 10
165 1396 356 1467 recubuisset,
372 1397 499 1454 censciis
521 1397 657 1454 facinoris
679 1397 746 1455 loca
767 1398 923 1456 munitiera
944 1398 1049 1473 oppidi
1071 1399 1173 1471 tredit,

165 1500 288 1559 domum
324 1501 465 1559 custediis
500 1503 602 1576 saepit,
637 1508 654 1559 e
689 1503 799 1561 foribus
833 1510 884 1578 qui
917 1509 978 1561 nen
1012 1503 1173 1562 discedant

164 1613 262 1664 certes
284 1607 426 1682 praeficit,
444 1583 550 1664 nerem
571 1608 719 1664 triremem
742 1615 860 1665 armetis
878 1614 962 1665 ernat
981 1609 1174 1667 Philostrate-

164 1731 231 1788 que,
258 1714 337 1771 fretri
364 1719 426 1783 sue,
452 1712 541 1770 tradit
568 1731 694 1786 eamque
719 1713 749 1769 in
774 1718 860 1786 portu
885 1713 994 1787 agitere
1020 1712 1113 1785 iubet,
1140 1725 1173 1772 ut

164 1825 188 1875 si
216 1824 354 1876 exercere
376 1819 501 1893 remiges
526 1818 621 1888 vellet,
644 1817 784 1892 cegitims,
806 1824 830 1874 si
855 1818 934 1875 ferte
959 1818 1088 1876 censiliis
1118 1821 1172 1879 ob·

115 1958 139 2004 ¹5
164 1925 284 1982 stitisset
315 1926 446 1995 fertuna,
476 1934 508 1982 ut
539 1925 661 1983 haberet
692 1931 750 1999 que
782 1925 933 1999 aufugeret
964 1924 1002 1982 ad
1035 1925 1171 1984 saltitem.

164 2031 289 2089 Suerum
318 2040 416 2087 autern
432 2029 463 2088 'e
492 2036 615 2087 numere
642 2031 819 2105 Zacynthias
847 2029 1053 2088 adulescentes
1080 2037 1171 2104 ques-

164 2136 234 2193 dam
256 2136 336 2210 eligit
360 2154 428 2192 cum
454 2134 666 2193 audecissimes
691 2145 753 2192 tum
777 2136 883 2194 viribus
909 2136 1053 2207 meximis,
1068 2143 1170 2211 eisque

164 2242 216 2300 dat
251 2241 412 2316 negetium,
441 2241 479 2299 ad
509 2241 638 2298 Dienem
667 2250 736 2298 eant
763 2242 898 2312 inermes,
927 2248 969 2298 sic
996 2252 1029 2299 ut
1061 2260 1169 2300 conve-

163 2347 265 2405 niendi
289 2347 352 2405 eius
376 2347 468 2421 gretie
491 2345 660 2404 viderentur
683 2353 791 2404 venire.
835 2349 860 2404 Ii
886 2356 1008 2421 propter
1032 2347 1169 2405 netitiam

112 2489 141 2519 20
163 2463 230 2510 sunt
251 2455 417 2510 intremissi.
459 2453 498 2508 At
518 2452 593 2509 illius
614 2461 646 2509 ut
667 2452 757 2508 limen
778 2453 927 2522 intrerant,
950 2451 1061 2509 foribus
1082 2453 1167 2511 obse-

163 2565 231 2616 retis
252 2559 282 2615 in
303 2558 382 2616 lecte
405 2558 565 2616 cubantem
589 2557 740 2628 invedunt,
763 2557 931 2631 conligant;
960 2557 993 2614 fit
1018 2558 1166 2631 strepitus,

163 2662 240 2721 adee
270 2673 303 2720 ut
335 2662 466 2720 exaudiri
500 2672 601 2736 posset
636 2663 713 2720 foris.
770 2663 838 2733 Hic,
865 2669 939 2719 sicut
973 2672 1041 2719 ante
1077 2680 1166 2737 saepe

163 2769 277 2827 dictum
306 2779 359 2841 est,
384 2787 473 2844 quam
501 2769 594 2826 invisa
622 2768 659 2825 sit
683 2767 835 2841 singuleris
863 2768 997 2842 potentia
1025 2777 1054 2825 et
1081 2769 1165 2826 mise-

162 2874 256 2932 randa
275 2881 342 2945 vita,
364 2879 467 2948 quise
490 2880 580 2931 metui
600 2891 690 2948 quam
712 2879 803 2931 ameri
824 2873 944 2944 melum,
966 2879 1057 2930 cuivis
1080 2873 1166 2930 facile

112 3017 138 3062 25
163 2981 314 3038 intellectu
346 2980 408 3037 fuit.
465 2981 602 3053 Namque
633 2978 674 3036 illi
704 2978 760 3053 ipsi
794 2979 942 3049 custedeS,
971 2984 994 3035 si
1029 2983 1168 3053 prempte

163 3086 285 3144 fuissent
305 3086 464 3157 voluntete,
487 3085 597 3143 foribus
619 3084 744 3142 effrectis
766 3090 879 3142 servere
901 3102 969 3141 eum
991 3083 1166 3158 potuissent,

163 3190 262 3266 quoad
287 3191 327 3249 illi
350 3192 477 3248 inermes
500 3190 591 3248 telum
617 3190 685 3248 foris
710 3190 874 3265 flegitantes
894 3196 992 3247 vivum
1014 3190 1165 3248 tenebant.

162 3298 219 3356 Cui
239 3315 308 3354 cum
320 3305 513 3354 ‘succurreret
533 3300 632 3366 neme,
649 3296 729 3371 Lyce
751 3297 871 3370 quidam
893 3297 1090 3371 Syricusenus
1113 3313 1167 3370 per

162 3404 321 3462 fenestram
342 3402 472 3477 gladium
493 3401 586 3471 dedit,
608 3406 668 3475 que
691 3402 771 3458 Dien
791 3401 961 3459 interfectus
983 3411 1036 3458 est.

112 3547 140 3592 30
201 3510 237 3566 X.
268 3507 413 3566 Cenfecte
440 3506 543 3577 caede,
572 3524 640 3563 cum
670 3506 826 3565 multitide
857 3507 970 3565 visendi
1000 3506 1093 3580 gretie
1123 3506 1166 3563 in-

162 3620 287 3685 troisset,
308 3614 441 3671 nenm‘rlli
461 3614 500 3672 ab
520 3612 620 3670 insciis
642 3617 696 3687 pre
717 3613 811 3670 noxiis
834 3611 1042 3670 conciduntur.
1086 3614 1166 3670 Nam

161 3720 250 3780 celeri
273 3725 390 3780 tumere
414 3719 515 3793 dilete,
537 3719 629 3779 Dieni
652 3718 711 3777 vim
735 3718 874 3790 adlatam,
897 3719 981 3776 multi
1009 3737 1166 3780 concurre-
