2574 4146
121 254 226 322 v.,vr.]
564 255 759 309 AGESILAUS
1142 247 1182 325 83

121 434 210 488 enses
238 440 268 487 et
296 431 402 489 Boeuti
430 431 580 504 ceterique
608 434 710 493 eurum
739 429 812 488 socii
837 429 918 505 apud
944 430 1112 488 Coruueam
1124 450 1132 502 ;

121 541 200 612 quus
236 539 342 594 omnes
377 541 458 611 gravi
491 535 605 611 proeliu
640 536 716 594 vicit.
776 535 872 595 Huius
907 536 1047 594 victuriae
1087 536 1133 594 vel

122 642 253 700 maxima
277 641 331 699 fuit
352 642 424 713 laus,
445 640 537 716 quod,
559 659 628 699 cum
651 641 784 717 plarique
806 659 843 698 ex
864 641 932 717 suga
953 645 985 700 sa
1006 642 1036 699 in
1058 652 1132 700 tem·

121 749 207 822 plum
235 746 389 805 Minervae
418 747 616 805 coniecissent
643 751 891 821 quaerereturque
920 747 959 805 ab
986 752 1032 819 eu,
1060 747 1133 822 quid

112 860 157 912 eis
186 854 274 912 vellet
302 853 374 924 fieri,
400 859 456 911 etsi
481 853 594 928 aliquot
621 853 740 911 vulnera
768 856 925 928 accaperat
954 858 990 911 eu
1019 854 1133 928 proelia
1158 875 1168 922 5

121 969 154 1017 et
182 965 271 1017 iratus
298 958 453 1017 videbatur
481 959 618 1017 omnibus
650 965 701 1033 qui
728 958 867 1016 adversus
892 977 974 1017 arma
998 960 1132 1031 tulerant,

120 1074 227 1123 tamen
247 1064 383 1123 antetulit
403 1070 463 1121 irae
484 1064 657 1139 religiunem
679 1073 709 1121 et
730 1069 783 1122 eus
803 1064 896 1123 vetuit
917 1065 1027 1122 violari.

166 1171 274 1246 Neque
305 1174 376 1228 veru
409 1170 467 1227 huc
499 1169 594 1227 sulum
626 1170 656 1227 in
688 1170 814 1229 Graecia
845 1170 931 1242 facit,
959 1180 992 1228 ut
1022 1172 1133 1246 templa

121 1276 257 1345 deurum
274 1281 378 1334 sancta
401 1275 532 1347 haburet,
556 1275 609 1333 sed
635 1275 724 1333 etiam
749 1276 830 1350 apud
855 1275 993 1356 barbarus
1018 1283 1134 1334 summa

120 1382 267 1458 religiune
302 1381 403 1440 onmia
434 1381 588 1438 simulacra
619 1386 742 1456 arasque
778 1381 970 1439 cunservavit.
1029 1384 1132 1456 Itaque
1158 1412 1184 1442 10

121 1487 318 1564 praedicabat
347 1492 444 1545 mirari
475 1491 516 1557 su,
545 1492 606 1545 nun
637 1487 845 1562 sacrilegarum
875 1493 999 1545 numeru
1034 1489 1134 1546 habeti

121 1601 178 1670 qui
204 1593 386 1668 supplicibus
415 1591 540 1650 dearum
571 1593 750 1664 nocuissent,
779 1602 829 1650 aut
860 1599 921 1650 nun
952 1594 1133 1668 graviuribus

122 1706 231 1776 poenis
261 1698 352 1756 adfici
379 1705 430 1773 qui
459 1698 631 1773 religiunem
659 1699 837 1770 minuerent,
866 1717 955 1773 quam
983 1705 1033 1773 qui
1062 1699 1134 1757 fana

122 1806 296 1881 spoliarent.

166 1913 203 1968 V.
232 1913 303 1969 Post
328 1911 385 1968 huc
410 1910 554 1984 proelium
576 1910 726 1968 conlatum
747 1928 837 1968 omne
859 1910 967 1969 bellum
990 1920 1035 1968 est
1056 1911 1134 1968 circa
1159 1937 1182 1983 ¹5

124 2017 304 2076 Corinthum
326 2015 455 2090 ideuque
477 2016 664 2074 Corinthium
686 2026 730 2073 est
752 2016 940 2091 appeliatum.
986 2018 1046 2074 Hic
1066 2035 1133 2074 cum

123 2129 187 2183 una
214 2128 314 2198 pugna
343 2120 451 2179 decem
481 2121 561 2178 milia
590 2121 718 2179 hostium
747 2122 883 2197 Agesilau
908 2121 984 2178 duce
1009 2122 1133 2180 cecidis-

124 2239 194 2287 sent
224 2234 322 2302 euque
358 2228 436 2285 factu
471 2231 544 2301 opus
580 2226 812 2285 adversariarum
847 2226 1018 2286 debilitatae
1052 2228 1133 2286 vide-

124 2344 235 2406 rentur,
253 2343 370 2392 tantum
391 2333 463 2390 afuit
485 2332 524 2390 ab
543 2332 699 2389 insolentia
719 2332 839 2407 gluriae,
858 2342 890 2390 ut
912 2334 1134 2391 commiseratus

124 2441 164 2498 sit
192 2440 346 2498 furtunam
375 2438 528 2508 Graeciae,
554 2436 634 2512 quod
664 2448 724 2495 tam
753 2438 835 2496 multi
863 2444 880 2495 a
908 2443 939 2496 sa
966 2445 1036 2522 victi
1063 2440 1134 2496 vitiu
1158 2468 1185 2497 20

124 2546 361 2604 adversariarum
394 2543 614 2602 concidissent:
650 2562 779 2618 namque
808 2544 856 2601 illa
887 2544 1082 2616 multitudine,
1111 2552 1135 2603 si

125 2659 199 2711 sana
225 2657 311 2710 mans
339 2661 426 2722 esset,
449 2651 593 2710 Graeciae
622 2651 798 2725 supplicium
828 2652 929 2708 Persas
954 2651 1024 2709 dare
1049 2662 1134 2726 potu-

124 2759 194 2816 isse.
236 2745 326 2815 Idem
350 2776 419 2814 cum
448 2757 628 2814 adversarius
653 2757 729 2813 intra
755 2757 872 2814 moenia
892 2758 1084 2831 compulisset
1106 2768 1135 2815 et

124 2875 159 2923 ut
191 2863 368 2923 Corinthum
400 2867 585 2937 oppugnaret
617 2863 700 2919 multi
732 2862 927 2934 hortarentur,
955 2863 1073 2938 negavit
1104 2864 1135 2922 id

125 2988 197 3029 suae
218 2971 319 3028 virtuti
339 2975 514 3026 convenire:
544 2973 576 3026 sa
597 2969 675 3025 enim
698 2987 766 3025 eum
788 2987 852 3026 esse
873 2976 924 3042 qui
945 2970 984 3027 ad
1005 2969 1134 3027 officium
1159 2998 1185 3045 ²5

126 3081 289 3150 peccantes
314 3073 409 3132 redire
435 3079 564 3149 cugeret,
590 3079 651 3131 nun
677 3079 728 3147 qui
752 3075 839 3132 urbas
864 3074 1058 3133 nubilissimas
1087 3094 1134 3133 ex-

126 3185 274 3255 pugnaret
303 3180 458 3239 Graeciae.
501 3181 608 3236 “Nam
637 3180 688 3250 si,”
715 3179 819 3253 inquit,
845 3184 924 3237 “eus
952 3181 1136 3256 exstinguere

126 3287 317 3358 voluerimus,
354 3293 404 3360 qui
442 3287 596 3344 nubiscum
636 3284 773 3343 adversus
810 3287 949 3345 barbarus
984 3292 1136 3358 stetarunt,

127 3399 247 3451 nusmet
273 3394 329 3468 ipsi
355 3397 409 3449 nus
434 3393 698 3466 expugnaverimus
720 3392 775 3449 illis
798 3392 1024 3466 quiascentibus.
1068 3394 1137 3467 Quu

127 3499 209 3557 facto
231 3500 295 3557 sine
318 3499 447 3572 negatio,
470 3517 537 3555 cum
559 3498 713 3568 voluerint,
736 3502 790 3555 nus
812 3499 1009 3572 oppriment.”
1161 3529 1188 3573 30

169 3606 222 3663 VI.
253 3604 379 3662 Interim
402 3603 510 3661 accidit
536 3605 583 3660 illa
608 3603 760 3661 calamitas
788 3603 865 3678 apud
897 3606 1022 3663 Leuctra
1051 3607 1138 3663 Lace-

127 3711 308 3770 daemoniis.
352 3710 421 3783 Quu
450 3714 487 3766 ne
516 3710 760 3784 proficisceratur‚
787 3728 854 3767 cum
883 3717 900 3768 a
927 3712 1074 3786 plerisque
1099 3711 1137 3788 ad
