2574 4146
429 734 528 791 XXII.
565 734 793 793 HAMILCAR.

154 924 175 980 l.
204 921 368 993 Hamilcar,
395 921 570 979 Hannibalis
597 921 685 992 lilius,
711 921 890 997 cognemine
914 922 1017 993 Barca,
1041 921 1114 981 Car·

121 1027 309 1104 theginiensis,
341 1032 437 1102 prime
473 1028 603 1085 Poenice
638 1027 727 1099 belle,
758 1027 812 1084 sed
847 1027 1030 1102 temporibus
1053 1039 1114 1086 'ex-

119 1140 220 1207 tremis,
242 1132 407 1192 admodum
429 1132 665 1192 adulescentulus
687 1133 718 1190 in
739 1133 836 1192 sicilia
856 1151 994 1209 praeesse
1016 1135 1116 1211 coepit

117 1242 260 1299 exercitui.
316 1241 394 1299 Cum
426 1249 495 1297 ante
527 1239 590 1297 eius
617 1239 778 1298 adventum
810 1250 840 1298 et
871 1247 944 1298 mari
975 1251 1004 1298 et
1039 1246 1116 1299 terre

116 1347 186 1405 male
221 1351 268 1404 res
302 1355 474 1421 gererentur
508 1345 802 1420 Cartheginiensium,
830 1347 894 1422 ipse
925 1347 976 1405 ubi
1011 1344 1115 1419 adfluit,
1139 1357 1150 1406 5

114 1471 272 1528 numquam
294 1452 371 1510 hosti
391 1452 480 1510 cessit
500 1470 598 1528 neque
618 1453 717 1511 locum
742 1453 872 1511 nocendi
896 1453 989 1525 dedit,
1011 1471 1114 1529 saepe-

113 1577 168 1634 que
193 1564 210 1618 e
235 1559 384 1617 contrerie
408 1558 565 1617 occesiene
593 1558 663 1617 date
690 1559 834 1617 lacessivit
863 1577 1039 1636 semperque
1068 1579 1115 1618 su-

113 1667 208 1740 perior
233 1664 378 1723 discessit.
421 1665 490 1738 Que
515 1665 604 1738 facte,
625 1683 694 1722 cum
719 1683 815 1740 paene
840 1667 940 1723 omnia
964 1667 994 1723 in
1018 1665 1116 1724 Sicilie

114 1772 203 1829 Poeni
232 1771 408 1844 emisissent,
437 1770 485 1828 ille
521 1773 648 1846 Erycem
684 1777 725 1829 sic
760 1771 903 1843 defendit,
936 1781 967 1828 ut
1004 1770 1113 1830 bellum

114 1882 146 1935 ee
174 1877 243 1936 loce
271 1887 387 1952 gestum
415 1881 476 1935 nen
503 1877 659 1935 videretur.
707 1878 829 1935 Interim
858 1877 1114 1951 Cartheginienses
1139 1908 1165 1938 ιο

114 1982 203 2041 classe
228 1981 309 2056 apud
333 1983 441 2041 insules
466 1984 593 2057 Aegetes
617 1988 635 2040 e
655 1983 690 2041 C.
713 1984 839 2054 Lutetie,
862 1983 982 2040 censule
1004 1984 1113 2040 Reme-

113 2094 225 2160 nerum,
262 2094 390 2162 supereti
424 2093 587 2146 statuerunt
621 2089 691 2146 belli
725 2089 822 2146 facere
858 2088 953 2145 finem
988 2106 1113 2162 eamque

113 2212 172 2251 rem
200 2194 322 2253 arbitrie
350 2199 546 2269 permiserunt
575 2195 761 2253 Hamilcaris.
808 2194 861 2252 Ille
890 2200 945 2251 etsi
973 2194 1115 2269 flagrebat

114 2299 241 2358 bellandi
265 2299 437 2375 cupidinem,
459 2309 559 2358 tamen
584 2306 651 2375 piacl
675 2299 861 2357 serviendum
886 2301 1007 2373 putevit,
1032 2300 1114 2374 quod

114 2407 235 2480 patriam
272 2407 445 2465 exhaustam
482 2407 646 2482 sumptibus
683 2405 791 2464 diritius
829 2406 1011 2464 calamitates
1045 2408 1115 2464 belli
1139 2426 1163 2474 ις

115 2513 185 2570 ferre
217 2517 278 2570 nen
310 2530 397 2587 posse
429 2513 627 2588 intellegebat,
656 2511 708 2570 sed
741 2513 781 2569 ita
814 2523 847 2571 ut
882 2513 978 2570 statim
1014 2523 1114 2570 mente

114 2618 242 2692 agitaret,
270 2624 296 2675 si
333 2619 453 2693 paulum
489 2619 580 2677 modo
619 2623 664 2676 res
705 2627 803 2676 essent
837 2618 976 2691 refectae,
1004 2618 1114 2676 bellum

114 2730 252 2783 renovere
274 2725 485 2799 Remenesque
507 2731 594 2782 armis
615 2724 918 2799 persequ1,denicum
939 2733 989 2781 aut
1007 2724 1114 2782 virtfite

115 2831 248 2888 vicissent
272 2840 323 2888 aut
346 2836 415 2887 victi
438 2836 542 2888 mamis
567 2830 725 2888 dedissent.
770 2832 841 2889 Hec
862 2830 985 2889 censilie
1006 2836 1113 2905 pecem

116 2935 287 3008 concilievit,
309 2936 340 2993 iu
361 2941 421 3010 que
442 2942 524 2994 tante
545 2936 599 2995 fuit
620 2937 739 3009 fenicie,
759 2954 828 2993 cum
850 2936 972 2995 Catulus
993 2943 1114 3011 negeret
1137 2960 1165 2990 κο

116 3039 219 3099 bellum
254 3042 498 3117 compositfirum,
528 3042 584 3100 nisi
618 3042 667 3100 ille
700 3060 769 3099 cum
804 3048 872 3113 suis,
901 3048 951 3116 qul
986 3043 1113 3117 Erycem

116 3151 254 3219 tenerent,
278 3153 366 3205 armis
387 3148 493 3205 relictis
515 3148 614 3207 sicilia
634 3147 824 3221 decederent,
846 3158 879 3207 ut
900 3148 1113 3207 succumbente

116 3253 203 3323 patrie
230 3253 295 3329 ipse
320 3255 482 3328 peritr'rrum
508 3258 540 3311 se
563 3254 662 3328 potius
685 3253 801 3327 dixerit,
822 3273 911 3329 quam
937 3273 1004 3312 cum
1030 3260 1113 3313 tante

118 3355 219 3433 degitie
259 3359 383 3417 domum
421 3359 547 3416 rediret:
587 3365 648 3418 nen
683 3361 761 3418 enim
797 3380 866 3418 suae
902 3379 966 3419 esse
1000 3361 1114 3419 virtritis

118 3478 190 3521 arma
210 3470 228 3521 e
248 3465 344 3538 patrie
368 3475 492 3539 accepta
514 3466 651 3524 adversus
673 3466 772 3524 hostes
794 3466 965 3524 adverseriis
986 3467 1112 3525 tredere.
1136 3489 1162 3537 25

120 3565 205 3627 Hirius
228 3570 409 3644 pertineciae
430 3572 518 3628 cessit
540 3572 669 3630 Catulus

153 3675 190 3732 ΙΙ.
218 3677 258 3734 At
283 3676 332 3733 ille
356 3686 389 3733 ut
414 3676 623 3752 Cartheginem
648 3679 737 3749 venit,
764 3678 856 3736 multe
881 3678 965 3735 aliter
989 3679 1111 3752 ac's'pe-

614 3813 659 3867 ¹05
