2574 4146
80 257 133 321 vr]
530 255 698 304 onrnnas
1096 245 1137 323 63

81 431 175 488 docet
197 447 264 488 eum
288 431 318 486 in
339 434 447 504 migne
468 429 531 486 fore
552 428 693 503 periculo,
715 427 831 503 siquid
852 428 903 486 ille
925 429 1089 503 imperante

64 537 201 595 adversi
228 537 260 592 in
287 538 424 610 Aegypte
452 533 617 592 accidisset.
664 535 802 609 Namque
831 553 898 592 earn
926 553 990 592 esse
1018 540 1089 592 cen·

80 641 272 701 suetudinem
297 641 419 714 regiam,
440 650 473 697 ut
497 645 581 697 cisiis
602 638 741 697 adversos
763 639 930 698 hominibus
951 640 1089 710 tribuant,

80 747 235 806 secundos
264 747 403 804 fortunae
431 763 512 804 suae.
557 745 626 818 Quo
651 745 714 803 heri
738 755 771 803 ut
795 745 880 803 facile
904 745 1091 820 impellantur

79 853 119 912 ad
163 858 267 911 eorum
303 851 477 926 perniciem,
511 856 637 925 quorum
672 849 764 909 ductii
798 856 845 909 res
879 851 955 909 male
990 861 1091 927 gestae
1115 873 1125 921 5

78 959 266 1018 nuntientur.
310 957 397 1015 Illum
426 956 483 1015 hec
513 956 623 1014 meiere
653 956 714 1014 sore
743 957 773 1013 in
797 956 974 1028 discrimine,
999 957 1090 1031 quod,

77 1065 192 1140 quibus
220 1068 272 1122 rex
304 1062 431 1120 menime
462 1061 612 1133 oboediat,
642 1067 694 1120 ees
725 1062 834 1120 habeat
864 1062 1090 1122 inimicissimos.

77 1170 206 1228 Telibus
230 1168 279 1225 ille
304 1168 407 1225 litteris
431 1168 565 1242 cognitis,
587 1185 656 1224 cum
681 1167 741 1225 iam
765 1166 804 1224 ad
825 1168 986 1226 exercitum
1007 1170 1091 1225 Acen

77 1276 224 1345 venisset,
246 1272 327 1348 quod
356 1278 416 1331 nen
442 1274 596 1347 ignerebat
625 1291 660 1330 ea
686 1277 756 1331 vere
783 1280 900 1348 scripta,
925 1274 1091 1332 desciscere

79 1385 194 1454 erege
215 1379 376 1437 constituit.
998 1420 1003 1427 -
1117 1409 1142 1439 10

125 1487 236 1560 Neque
270 1495 371 1543 tamen
405 1485 564 1559 quicquam
599 1484 675 1542 fecit
711 1484 793 1558 quod
828 1484 888 1544 fide
926 1491 978 1543 sue
1015 1495 1092 1544 esset

80 1593 252 1668 indignum.
295 1592 374 1648 Nam
403 1590 610 1648 Mandroclem
639 1591 811 1665 Mignetem
839 1591 981 1648 exercitui
1008 1608 1090 1665 prae·

81 1699 192 1770 fecit,⁴
210 1698 274 1772 ipse
303 1714 371 1753 eum
400 1703 457 1754 suis
486 1697 516 1753 in
544 1694 769 1770 Cappadociam
798 1695 925 1754 discedit
952 1696 1091 1754 coniunc-

81 1816 209 1877 tamque
233 1802 303 1858 huic
328 1801 558 1876 Paphlagoniam
584 1811 720 1876 occupat,
743 1801 920 1876 celerisque
943 1802 1092 1860 voluntete

82 1918 166 1967 esset
191 1908 222 1964 in
246 1912 357 1982 regem.
399 1907 483 1966 Clam
510 1925 578 1964 cum
603 1907 800 1965 Ariobarzane
825 1907 895 1963 facit
922 1907 1092 1980 amicitiam,
1118 1934 1141 1981 15

83 2032 210 2072 manum
232 2023 395 2088 comparat,
416 2013 503 2070 urbes
524 2017 651 2069 menites
672 2018 730 2069 suis
752 2012 875 2070 tuendis
896 2012 994 2070 tredit.

127 2121 182 2177 VI.
211 2117 270 2177 Sed
296 2119 369 2176 haec
394 2128 515 2192 propter
540 2117 665 2176 hiemele
691 2127 807 2192 tempus
833 2119 928 2176 minus
953 2124 1094 2193 prospere

84 2223 304 2301 precedebant.
345 2222 437 2281 Audit
462 2221 574 2280 Pisides
599 2222 745 2298 quosdam
770 2223 871 2297 cepiais
895 2223 1035 2282 adversus
1062 2229 1094 2282 se

85 2335 204 2407 parere.
248 2329 352 2387 Filium
377 2334 414 2388 eo
439 2328 613 2401 Arsidaeum
635 2347 703 2385 cum
725 2330 855 2386 exercitu
878 2328 985 2401 mittit3
1014 2329 1095 2388 cadit

86 2437 120 2494 in
153 2435 267 2510 proelio
300 2434 482 2493 adulescens.
538 2434 735 2492 Proficiscitur
770 2440 806 2492 eti
841 2445 925 2508 pater
959 2441 1020 2493 non
1054 2435 1095 2492 ita
1117 2465 1145 2496 20

88 2547 200 2616 megne
233 2559 302 2597 cum
338 2545 435 2611 manti,
471 2540 570 2598 celeus
605 2550 748 2614 quantum
782 2540 885 2597 vulnus
920 2541 1094 2616 accepisset,

87 2645 174 2723 quod
199 2646 280 2720 prius
304 2644 343 2703 ad
364 2646 482 2704 hostem
504 2651 656 2720 pervenire
677 2645 825 2720 cupiebat,
847 2645 997 2720 quamde
1019 2647 1094 2704 male

87 2757 122 2810 re
148 2757 231 2826 geste
255 2752 339 2808 sema
363 2750 401 2809 ad
426 2757 494 2810 sues
520 2748 693 2825 perveniret,
717 2756 754 2808 ne
779 2751 898 2826 cognite
921 2752 977 2809 filii
1000 2761 1095 2811 morte

89 2856 184 2916 animi
212 2856 436 2915 debiliterentur
463 2856 597 2914 miiitum.
643 2856 712 2929 Qne
740 2855 935 2914 contenderat
963 2858 1096 2931 pervenit

81 2970 186 3037 eisque
214 2963 287 3020 locis
311 2973 406 3019 castra
434 2962 527 3036 penit,
549 2972 581 3018 ut
609 2979 706 3034 neque
735 2961 880 3019 circumiri
908 2962 1096 3022 multitudine
1119 2995 1145 3041 ²5

15 3049 21 3055 ⁵
90 3068 327 3127 adverserierum
355 3077 455 3142 posset
481 3085 578 3141 neque
607 3067 753 3142 impediri,
781 3068 938 3142 queminus
966 3069 1030 3144 ipse
1057 3069 1097 3128 ad

91 3173 297 3233 dimicandum
318 3191 437 3231 manum
458 3173 581 3230 haberet
602 3173 780 3248 expeditam.

136 3281 208 3337 Erat
243 3298 312 3337 eum
346 3284 383 3336 ee
418 3278 680 3350 Mithrobarzanes,
712 3297 797 3337 socer
831 3280 903 3352 eius,
932 3281 1097 3355 praefectus

93 3385 239 3460 equitum.
282 3386 312 3443 Is
334 3383 496 3460 desperetis
517 3391 618 3459 generi
639 3385 726 3442 rebus
747 3383 785 3441 ad
809 3385 907 3444 hostes
930 3387 1097 3463 transffigit.

93 3491 134 3550 Id
162 3493 306 3550 Datames
333 3500 366 3548 ut
393 3489 512 3562 audivit,
541 3490 640 3561 sensit,
669 3497 693 3548 si
721 3490 751 3548 in
779 3491 895 3548 turbam
923 3498 1030 3551 exisset
1060 3495 1098 3552 ab
1122 3525 1149 3570 30

93 3598 217 3656 homine
249 3607 310 3654 tam
342 3597 507 3655 necessairie
537 3593 573 3654 ‘se
607 3597 751 3667 relictum,
780 3597 908 3654 sutirum
942 3608 974 3656 ut
1008 3604 1100 3658 ceteri

93 3703 176 3762 idem
207 3702 363 3763 censilium
390 3711 598 3778 sequerentur,
635 3703 734 3778 itaque
762 3702 791 3758 in
818 3703 921 3780 vulgus
952 3704 1015 3763 edit
1045 3712 1099 3764 sue
