2574 4146
119 268 179 329 114
405 262 573 312 CORNELII
596 261 745 312 NEPOTIS
767 263 876 313 VITAE
1115 263 1162 328 [xl.

96 501 103 515 ,
165 455 253 510 quam
279 437 339 511 egit
362 455 451 510 quam
477 440 578 510 regem
603 434 725 492 armuvit
750 444 781 492 et
807 436 923 493 exacuit
948 435 1088 496 adversus
1109 439 1164 496 Ro

165 546 276 600 munus.
319 543 417 616 Quem
442 560 509 599 cum
532 540 645 599 videret
666 540 836 598 domesticis
857 541 965 617 opibus
987 543 1083 601 minus
1107 561 1164 602 esse

164 649 327 719 rebustum,
349 647 527 706 conciliubat
552 652 667 705 ceterus
691 651 784 721 regeS,
806 646 988 722 adiungebat
1016 648 1166 708 bellicusis

162 754 307 811 nutiunes.
363 752 535 811 Dissidebat
565 753 604 811 ab
633 759 670 811 eu
703 755 901 827 Pergamenus
930 759 982 812 rex
1010 756 1166 826 Eumenes,

136 861 306 932 5R6munis
334 859 536 930 amicissimus,
565 859 734 933 bellumque
765 859 842 916 inter
872 865 924 918 eus
955 862 1113 935 gerebetur
1142 870 1167 918 et

164 971 237 1022 mari
272 975 303 1022 et
344 971 439 1036 terru;
481 963 535 1022 sed
571 964 727 1038 utrobique
770 966 921 1023 Eumenes
955 965 1022 1040 plus
1056 967 1167 1025 valebat

164 1080 286 1144 propter
320 1072 524 1128 Remunurum
559 1070 741 1128 societutem.
798 1070 868 1143 Quu
903 1071 997 1147 magis
1032 1073 1167 1147 cupiebat

164 1193 233 1233 eum
259 1176 409 1235 Hannibal
433 1175 570 1250 opprimi,
593 1193 683 1250 quem
707 1181 732 1232 si
757 1177 940 1249 remuvisset,
963 1178 1097 1236 faciliora
1117 1179 1167 1237 sibi

164 1287 263 1338 cetera
291 1281 353 1338 fore
381 1281 581 1340 arbitrebutur.
631 1281 680 1338 Ad
708 1281 786 1338 hunc
814 1282 1055 1341 interficiendum
1083 1285 1167 1342 telem

116 1413 142 1443 ιο
163 1387 228 1444 iniit
270 1387 423 1445 ratienem.
479 1387 579 1445 Classe
621 1394 721 1460 paucis
756 1387 862 1446 diebus
898 1398 981 1446 erant
1016 1389 1170 1448 decreturi.

163 1494 359 1567 Superubutur
386 1492 504 1550 nuvium
531 1491 718 1550 multitudine
729 1513 738 1565 3
774 1491 845 1551 dolu
873 1503 935 1552 erat
965 1495 1167 1571 pugnandum,

164 1617 232 1655 cum
262 1605 315 1673 pur
348 1603 417 1656 nun,
444 1607 521 1655 esset
556 1604 653 1655 armis.
709 1599 870 1673 Imperavit
904 1617 995 1673 quam
1031 1601 1167 1675 plurimus

163 1708 322 1762 venenutus
349 1708 501 1778 serpentes
529 1709 608 1761 vivus
636 1703 744 1778 conligi
772 1709 881 1778 erisque
910 1705 940 1763 in
965 1711 1036 1764 vesa
1064 1706 1169 1765 fictilia

164 1811 270 1867 conici.
327 1810 442 1867 Hirrum
477 1827 545 1865 cum
582 1809 732 1866 effecisset
768 1815 905 1884 mugnam
939 1812 1168 1884 multitudinem,

115 1939 140 1987 15
164 1915 213 1974 die
244 1916 318 1990 ipsu,
347 1920 407 1989 que
438 1915 566 1973 facturus
597 1924 659 1972 erat
694 1915 795 1972 nevule
824 1916 978 1990 proelium,
1007 1918 1169 1976 classiurius

164 2031 309 2079 convocat
333 2026 435 2095 eisque
466 2021 620 2095 praecipit,
650 2025 755 2078 omnes
783 2030 816 2077 ut
847 2022 877 2078 in
908 2027 998 2079 unam
1028 2024 1169 2080 Eumenis

164 2128 239 2202 regis
263 2136 439 2184 concurrant
469 2132 585 2197 nuvem,
614 2132 632 2182 u
659 2131 764 2184 ceteris
793 2135 907 2183 tantum
936 2128 1005 2184 satis
1041 2127 1169 2187 habeant

163 2238 195 2291 se
217 2232 387 2290 defendere.
431 2230 468 2289 Id
491 2231 554 2289 illos
576 2231 660 2288 facile
685 2232 864 2307 serpentium
886 2232 1077 2291 multitudine
1099 2240 1168 2292 cun-

164 2343 325 2397 secuturus.
368 2339 435 2394 Rex
458 2347 558 2394 autern
582 2337 613 2394 in
638 2343 697 2411 que
721 2342 794 2394 neve
818 2337 982 2410 veheretur,
1004 2347 1170 2398 utscirent

114 2471 142 2502 ιο
164 2449 195 2502 se
224 2445 367 2501 facturum
379 2463 387 2514 ;
422 2460 512 2515 quem
540 2448 564 2499 si
591 2452 641 2499 aut
673 2442 822 2516 cepissent
855 2453 906 2501 aut
938 2443 1168 2517 interfecissent,

164 2554 272 2624 mugnu
286 2555 327 2606 eis
348 2547 505 2623 pollicetur
526 2548 660 2622 praemiu
682 2548 754 2605 sore.

203 2657 257 2713 XI.
285 2655 351 2712 Tuli
371 2654 575 2712 cohortatione
600 2654 725 2713 militum
750 2652 827 2711 facte
851 2654 950 2713 classis
975 2655 1014 2714 ab
1039 2663 1169 2732 utrisque

163 2763 194 2820 in
222 2760 366 2836 proelium
396 2759 561 2817 deducitur.
614 2759 745 2832 Querum
774 2760 839 2817 acie
874 2761 1043 2833 constitute,
1076 2763 1168 2838 prius·

163 2885 253 2942 quam
276 2873 390 2940 signum
414 2869 530 2939 pugnae
552 2864 678 2936 daretur,
702 2865 863 2936 Hannibal,
885 2875 918 2924 ut
939 2867 1038 2942 palam
1059 2868 1170 2926 faceret

113 3001 139 3048 ²5
164 2979 221 3030 suis
245 2976 305 3045 quu
329 2971 397 3027 locu
422 2971 572 3027 Eumenes
597 2978 682 3041 esset,
704 2970 888 3029 tabellurium
913 2972 943 3029 in
968 2973 1080 3048 scaphu
1102 2992 1169 3032 cum

163 3076 297 3135 cuduceu
318 3075 416 3133 mittit.
459 3076 519 3148 Qui
540 3074 590 3134 ubi
611 3075 649 3133 ad
671 3080 759 3133 neves
781 3076 1011 3136 adverseriurum
1034 3080 1170 3153 pervenit

164 3183 379 3258 epistulamque
404 3179 564 3237 ostendens
592 3183 625 3235 se
649 3183 750 3253 regem
775 3179 923 3253 professus
949 3191 993 3238 est
1017 3199 1170 3255 quaerere,

164 3288 263 3346 statim
290 3285 328 3344 ad
355 3287 522 3343 Eumenem
547 3282 693 3342 deductus
719 3294 771 3356 est,
794 3284 875 3359 quod
899 3291 990 3345 nemu
1015 3287 1172 3348 dubitubat

164 3400 235 3469 quin
263 3391 373 3466 aliquid
402 3392 440 3449 de
471 3395 545 3464 pice
574 3398 652 3448 esset
680 3396 830 3464 scriptum.
874 3392 1057 3451 Tabellurius
1086 3393 1171 3452 ducis

114 3528 142 3574 30
164 3505 239 3557 neve
261 3497 408 3555 decluretu
429 3502 487 3552 suis
509 3495 626 3566 eedem,
645 3495 725 3553 unde
746 3505 809 3552 erat
830 3501 972 3570 egressus,
993 3503 1025 3556 se
1047 3499 1169 3575 recepit.

165 3609 203 3664 At
225 3606 374 3662 Eumenes
395 3602 490 3660 solute
514 3599 639 3675 epistulu
659 3600 731 3658 nihil
755 3602 786 3658 in
808 3608 843 3659 eu
863 3603 994 3677 repperit
1014 3605 1072 3663 nisi
1094 3623 1170 3681 quae

165 3711 204 3773 ad
231 3706 420 3769 inridendum
448 3724 516 3765 eum
544 3705 735 3781 pertinerent.
778 3707 868 3767 Cuius
897 3714 940 3764 rei
968 3715 1022 3769 etsi
1050 3728 1170 3771 causam
