2574 4146
113 229 157 306 64
407 241 575 290 cornuin
598 242 747 292 uarorrs
770 243 878 291 vrrxr
1107 242 1172 306 [vn.

164 412 243 470 irissir
266 414 535 473 Mithrobarzanem
557 415 724 489 profectum
745 421 800 490 pro
822 415 953 490 perfugi,
975 423 1035 490 que
1058 417 1175 475 facilius

164 529 301 594 receptus
324 521 503 578 interficeret
525 521 624 579 hostes
635 542 644 593 3
665 527 724 594 qua
744 525 776 578 re
797 521 923 596 relinqui
943 539 1012 579 eum
1034 529 1088 597 per
1110 528 1177 580 neu

165 644 229 683 esse
254 637 284 683 et
308 631 413 684 omnes
438 627 594 684 confestim
619 633 712 701 sequi.
755 625 846 700 Quod
870 633 895 684 si
922 627 1022 685 anime
1051 633 1176 686 strenuo

166 731 317 803 fecissent,
335 732 463 790 futurum
485 743 517 789 ut
538 732 694 790 adversarii
714 738 775 790 non
796 743 917 807 possent
938 733 1083 804 resistere,
1104 752 1177 791 cum

138 848 195 910 set
221 839 297 896 intr'a'
323 839 430 896 vallum
460 848 490 896 et
518 839 588 896 foris
619 839 824 897 caederentur.
882 840 950 896 Hec
981 844 1012 897 re
1045 840 1181 914 probete,

166 945 328 1001 exercitum
350 943 459 1016 educit,
482 945 751 1002 Mithrobarzenem
772 945 965 1020 persequitur,
980 951 1032 1019 qui
1057 955 1179 1003 tantum

166 1050 248 1124 quod
276 1049 314 1107 ad
342 1050 442 1108 hostes
473 1055 657 1126 pervenerat,
686 1069 754 1107 cum
787 1052 929 1108 Datames
950 1056 1044 1126 signa
1074 1051 1182 1109 inferri

167 1156 257 1214 iubet.
313 1156 428 1215 Pisidae
459 1163 537 1215 nove
568 1162 599 1215 re
630 1162 773 1214 commeti
804 1157 835 1213 iu
870 1157 1042 1230 opinionem
1077 1157 1179 1216 addir-

167 1272 272 1319 cuutur
293 1263 428 1337 perfuges
450 1263 527 1319 mala
548 1262 607 1320 fide
627 1262 854 1337 compositoque
873 1262 995 1334 fecisse,
1009 1272 1042 1320 ut
1060 1270 1177 1338 recepti

119 1399 145 1429 ιο
167 1369 271 1436 maiori
297 1380 394 1426 essent
422 1369 589 1426 calamitati.
646 1369 774 1425 Primum
805 1373 856 1426 ees
887 1367 1067 1426 adoriuntur.
1128 1370 1178 1427 Illi

167 1492 236 1531 cum
263 1473 335 1547 quid
366 1479 501 1548 ageretur
532 1485 582 1531 aut
612 1480 671 1549 quai
698 1479 729 1531 re
757 1473 841 1531 fieret
868 1479 1048 1549 ignererent,
1077 1481 1172 1533 coecti

168 1590 234 1636 sunt
255 1587 378 1637 cumeis
400 1585 529 1654 pignere
551 1579 590 1637 ad
611 1585 685 1654 quos
706 1579 888 1651 trainsierant,
911 1580 948 1637 ab
965 1586 1068 1654 eisque
1096 1587 1171 1639 stete

168 1690 241 1760 ques
269 1686 445 1760 reliquerant
456 1707 464 1757 3
496 1685 601 1759 quibus
631 1703 699 1743 cum
727 1692 822 1743 neutri
850 1695 1015 1760 parcerent,
1038 1685 1171 1762 celeriter

169 1801 235 1848 sunt
263 1797 381 1848 concisi
438 1790 580 1865 Reliques
609 1789 721 1847 Pisida’rs
753 1791 921 1848 resistentes
953 1792 1096 1850 Datames
1128 1791 1168 1848 in·

120 1896 267 1968 15va'rdit3
296 1901 392 1970 primo
417 1896 532 1971 impetr'r
555 1896 646 1971 pellit,
671 1896 815 1970 fugientes
844 1896 1038 1971 persequitur,
1064 1897 1170 1955 multes

168 2001 315 2071 interficit,
337 2010 432 2057 castra
452 2001 581 2059 hostium
602 2000 691 2076 capit.

207 2106 272 2164 Teli
303 2107 425 2164 consiliii
456 2112 516 2164 iuro
548 2116 682 2180 tempore
718 2116 748 2164 et
782 2105 948 2181 proditeres
983 2107 1108 2180 perculit
1142 2117 1171 2165 et

168 2319 338 2394 cogitatum,
364 2318 395 2376 id
424 2317 463 2375 ad
492 2318 615 2376 saltitem
644 2318 797 2376 convertit.
840 2318 909 2391 Que
936 2335 1033 2391 neque
1058 2319 1171 2377 acutius

118 2451 146 2483 20
168 2425 251 2483 ullius
270 2425 455 2500 impereteris
474 2425 634 2498 cegitetum
653 2441 751 2499 neque
771 2423 893 2482 celerius
915 2423 1026 2481 factum
1047 2442 1171 2499 usquam

168 2531 300 2606 legimus.

208 2638 278 2694 VII.
306 2637 353 2694 Ab
382 2637 438 2693 hec
467 2645 566 2693 tamen
593 2636 655 2693 vire
683 2634 799 2706 Sisines,
825 2635 955 2692 mexime
982 2639 1053 2693 naiti‘r
1081 2635 1170 2707 filius,

168 2742 273 2801 desciit
297 2742 336 2800 ad
356 2717 524 2816 regemque
551 2741 664 2799 trensiit
688 2740 782 2799 etde
806 2740 975 2800 defectiene
1001 2741 1091 2815 patris
1119 2741 1170 2799 de·

168 2849 240 2907 tulit.
284 2848 353 2921 Quo
378 2848 480 2905 nuntie
507 2850 682 2905 Artaxerxes
709 2851 886 2918 commetus,
909 2845 991 2921 quod
1020 2846 1170 2922 intellege-

118 2983 144 3029 25
168 2955 219 3012 bat
243 2954 298 3012 sibi
323 2971 391 3010 cum
415 2953 478 3010 vire
502 2953 570 3010 forti
595 2970 630 3009 ac
656 2957 774 3010 strenue
799 2951 952 3028 negotium
974 2970 1047 3023 esse,
1070 2959 1121 3027 qui
1141 2962 1171 3010 et

169 3061 246 3136 prius
268 3059 398 3134 cegitere
419 3077 508 3133 quam
529 3063 629 3116 ceneri
653 3063 824 3116 consuesset
849 3067 888 3130 et,
909 3076 978 3115 cum
1003 3058 1171 3134 cegitisset,

168 3167 264 3224 facere
296 3165 428 3236 auderet,
456 3163 711 3240 Autophradaten
746 3164 776 3222 in
811 3163 1036 3239 Cappadociam
1071 3164 1168 3222 mittit

169 3274 229 3329 Hic
250 3276 288 3329 ne
312 3271 419 3328 intrare
439 3280 548 3344 posset,
571 3269 677 3328 saltum
702 3269 732 3326 in
753 3274 813 3344 que
835 3270 957 3329 Ciliciae
978 3280 1082 3344 portae
1104 3279 1172 3328 sunt

168 3377 240 3435 sitae
276 3377 418 3434 Datames
453 3382 670 3450 praeoccupere
706 3374 826 3433 studuit.
884 3375 942 3434 Sed
978 3385 1039 3433 tam
1074 3376 1172 3435 subite

118 3512 145 3557 30
167 3483 269 3558 cepies
298 3481 471 3540 contrahere
500 3486 561 3538 non
588 3480 693 3555 potuit.
735 3467 761 3538 Ᾰ
789 3486 848 3555 que
874 3485 906 3539 re
933 3480 1074 3556 depulsus
1102 3500 1172 3540 cum

168 3595 203 3646 ea
237 3592 334 3658 manu,
370 3605 459 3662 quam
495 3592 688 3658 contraxerat,
725 3587 823 3644 locum
858 3586 968 3662 delegit
1005 3587 1104 3660 telem,
1140 3597 1174 3646 ut

167 3711 264 3770 neque
289 3692 490 3750 circumiretur
518 3692 555 3749 ab
583 3691 715 3753 hostibus
743 3709 841 3770 neque
868 3698 1041 3770 praeteriret
1065 3691 1172 3754 adver·
