2574 4146
124 263 159 310 11„
170 251 206 315 a]
503 249 773 298 rusursrocnns
1129 255 1161 318 15

122 431 190 481 exire
218 441 323 499 passus
352 433 404 480 est.
457 421 534 479 Inde
562 422 713 497 Ephesum
743 422 877 496 pervenit
909 421 1009 496 ibique
1037 421 1114 479 The-

121 530 278 588 mistoclem
308 529 438 604 exponit.
481 528 538 586 Cui
566 528 613 585 ille
642 533 696 602 prb
726 527 836 585 meritis
865 533 972 602 postee
992 528 1115 602 gretiam

119 636 229 694 rettulit.

152 743 203 798 IX.
232 740 303 799 scio
327 741 483 814 pleresque
508 740 549 797 ita
573 740 733 814 scripsisse,
757 738 990 796 Themistoclem
1018 741 1115 797 Xerxe

117 852 252 922 regnante
280 847 312 902 in
339 846 439 903 Asiam
468 851 614 904 trensisse.
656 846 715 904 Sed
743 863 799 921 ego
824 845 1009 919 potissimum
1037 847 1063 901 T
1064 846 1115 903 hri-
1139 869 1150 916 5

116 952 210 1028 cididi
238 951 342 1023 crede,
370 950 452 1026 quod
477 957 572 1008 aetete
601 952 751 1026 proximus
778 951 818 1008 de
842 957 894 1023 eis,
920 958 970 1025 qui
1000 951 1114 1009 illerum

116 1067 281 1134 temporum
308 1057 459 1114 historiam
484 1057 672 1131 reliquerunt,
695 1065 725 1114 et
749 1056 883 1114 eiusdem
908 1056 1031 1114 civitetis
1052 1057 1114 1114 fuit.

116 1166 141 1222 Is
163 1173 264 1222 autem
289 1163 330 1221 ait
355 1162 394 1220 ad
415 1164 598 1220 Artaxerxen
619 1180 686 1219 eum
708 1162 822 1220 venisse
843 1172 931 1236 atque
953 1163 997 1219 his
1019 1163 1115 1220 verbis

115 1271 269 1345 epistulam
292 1269 422 1327 misisse:
450 1267 695 1326 “Themistocles
716 1273 784 1326 veni
804 1267 843 1324 ad
865 1273 903 1338 te,
918 1275 969 1341 qui
990 1268 1115 1343 pliirima

116 1377 188 1433 mala
208 1375 344 1433 omnium
368 1374 524 1432 Greierum
549 1374 579 1430 in
604 1373 727 1431 domum
748 1384 827 1431 tuam
846 1374 939 1445 intuli,
954 1393 1042 1448 quam
1065 1375 1115 1433 diu
1138 1402 1164 1432 ιο

115 1482 183 1539 mihi
217 1497 342 1538 necesse
377 1479 430 1537 fuit
464 1479 619 1537 adversum
654 1487 768 1554 patrem
803 1488 885 1535 tuum
921 1478 1029 1536 bellete
1063 1497 1113 1554 pa·

114 1589 257 1662 triamque
278 1603 376 1643 meam
396 1585 568 1644 defendere.
606 1571 697 1642 idem
722 1585 815 1642 multe
838 1584 922 1658 plina
942 1585 1021 1641 bona
1042 1583 1114 1656 ieci,

114 1702 271 1768 postquam
299 1692 330 1748 in
357 1696 421 1748 trite
448 1691 512 1765 ipse
540 1700 571 1748 et
598 1691 646 1748 ille
674 1690 705 1747 in
732 1690 864 1764 periculi>
895 1707 959 1747 esse
994 1691 1094 1764 coepit
1106 1711 1113 1762 3

113 1817 179 1856 nam
208 1816 279 1855 cum
306 1797 337 1854 in
360 1797 460 1854 Asiam
485 1803 591 1854 reverti
614 1796 710 1864 vellet,
727 1796 840 1871 proelie
865 1795 945 1869 apud
970 1796 1116 1854 Salamina

113 1905 200 1976 facte,
227 1904 330 1961 litteris
359 1921 427 1960 eum
455 1902 614 1960 certiorem
642 1902 705 1960 feci
732 1901 763 1959 id
788 1909 834 1976 agi
859 1911 891 1958 ut
915 1907 999 1976 pens,
1024 1919 1114 1975 quem
1139 1926 1163 1973 ¹5

112 2011 141 2068 in
169 2010 369 2084 Hellesponto
397 2008 522 2079 fecerat,
551 2007 758 2065 dissolveretur
790 2018 879 2082 atque
911 2008 949 2065 ab
983 2006 1115 2065 hostibus

112 2116 315 2173 circumiretur
325 2135 333 2186 ;
356 2119 416 2188 qur‘)
437 2114 540 2171 mintie
562 2113 610 2170 ille
627 2114 758 2188 periculo
777 2121 821 2170 est
837 2112 982 2170 liberetus.
1027 2113 1115 2169 Nunc

112 2230 210 2279 autern
238 2220 365 2293 cenfrigi
393 2219 430 2277 ad
460 2225 489 2277 te
518 2219 680 2294 exagitetus
704 2225 723 2276 e
746 2223 853 2276 cenete
878 2219 1011 2286 Graecie‚
1034 2228 1115 2275 tuam

112 2331 217 2402 petens
241 2326 402 2383 amicitiam
413 2346 421 2397 ;
453 2343 542 2399 quam
567 2331 592 2382 si
616 2330 667 2382 ere
695 2324 829 2398 adeptus,
854 2329 915 2381 nen
943 2324 1038 2381 minus
1067 2328 1115 2381 me

112 2432 224 2490 bonum
253 2437 382 2489 amicum
409 2430 541 2502 habebis,
563 2448 653 2504 quam
682 2429 788 2487 sortem
817 2429 968 2486 inimicum
994 2429 1041 2486 ille
1066 2447 1115 2486 ex·
1138 2457 1166 2487 20

111 2547 213 2612 pertus
238 2546 291 2594 est.
332 2538 376 2594 Te
400 2545 500 2594 autem
525 2541 607 2611 roge,
629 2543 661 2593 ut
686 2534 782 2593 decis
805 2535 899 2605 rebus,
922 2541 994 2609 qu'a's
1016 2539 1114 2592 tecum

112 2643 253 2717 conloqui
275 2641 353 2712 vole,
375 2659 504 2698 annuum
530 2641 602 2698 mihi
627 2651 744 2715 tempus
768 2640 822 2698 des
847 2645 943 2715 eeque
968 2645 1115 2697 trensecte

112 2747 150 2805 ad
172 2753 203 2806 te
224 2753 323 2804 venire
345 2746 492 2821 patieris.”

151 2855 189 2910 X.
218 2852 316 2909 Heius
344 2857 396 2909 rex
423 2852 513 2908 animi
540 2851 774 2926 megnitridinem
802 2849 949 2908 admirans
980 2850 1115 2924 cupiens·

112 2977 170 3034 que
196 2957 285 3015 telem
310 2957 403 3015 virum
428 2957 484 3016 sibi
505 2957 657 3014 concilieri
676 2957 794 3013 veniam
816 2956 908 3014 dedit.
951 2956 1004 3013 Ille
1027 2974 1116 3013 omne
1139 2985 1165 3031 25

112 3063 184 3122 illud
210 3073 327 3138 tempus
349 3060 454 3120 litteris
483 3068 670 3136 sermenique
699 3065 851 3120 Persemm
880 3060 963 3119 dedit
973 3081 982 3133 ;
1011 3061 1116 3136 quibus

113 3170 190 3228 adee
226 3168 355 3227 eruditus
390 3177 444 3240 est,
471 3178 504 3226 ut
538 3168 631 3225 multe
666 3166 853 3225 commodius
889 3166 1003 3225 dicatur
1036 3166 1117 3241 apud

113 3280 215 3351 regem
242 3274 333 3332 verba
360 3274 481 3346 fecisse,
510 3291 599 3348 quam
627 3273 647 3331 ii
674 3282 812 3348 poterant
847 3278 897 3346 qui
930 3272 961 3328 in
997 3271 1117 3329 Perside

115 3390 197 3438 erant
223 3386 291 3438 neti.
335 3382 395 3437 Hic
420 3398 488 3437 cum
513 3379 605 3437 multa
628 3383 689 3454 regi
717 3388 794 3436 esset
821 3377 968 3452 pollicitus
996 3378 1118 3453 gretissi-

115 3504 255 3562 mumque
280 3485 362 3558 illud,
383 3493 407 3544 si
431 3492 488 3544 suis
510 3490 553 3543 itti
575 3485 704 3542 censiliis
731 3484 828 3556 vellet,
850 3484 930 3541 illum
959 3484 1116 3542 Graeciam
1140 3513 1168 3559 30

115 3591 193 3650 bello
222 3596 438 3667 oppressurum,
467 3597 579 3666 megnis
607 3590 777 3649 mineribus
805 3591 843 3649 ab
870 3591 1032 3647 Artaxerxe
1064 3589 1117 3647 de·

116 3703 200 3755 natus
219 3697 252 3755 in
271 3674 375 3756 Asiam,
392 3697 480 3756 rediit
501 3697 744 3773 domiciliumque
769 3695 941 3771 Magnesiae
966 3695 1021 3753 sibi
1046 3699 1117 3752 cen·
