2574 4146
509 388 590 443 XIV.
628 386 820 443 DATAMES

210 574 233 629 l.
270 573 421 643 Datames,
465 581 548 646 patre
591 571 752 641 Camisare,
792 571 910 628 netiene
953 571 1039 643 Care,
1081 579 1173 629 metre

167 678 315 752 Scythisse
345 683 440 748 uetus,
470 684 597 750 primum
629 676 753 733 militum
788 676 819 732 in
850 681 973 734 numere
1005 677 1060 734 fuit
1094 677 1173 752 apud

167 785 349 841 Artaxerxen
388 789 491 840 eorum
529 789 581 856 qui
619 781 729 856 regiam
766 779 930 839 tuebantur.
990 783 1078 840 Pater
1112 784 1173 841 eius

168 889 340 959 Camisares,
363 887 445 962 quod
471 898 501 945 et
526 893 614 945 mam'r
640 888 721 945 fortis
747 896 776 944 et
801 887 880 945 belle
905 892 1040 945 strenuus
1062 899 1093 946 et
1114 894 1174 964 regi

131 1018 141 1065 5
167 995 263 1052 multis
288 995 359 1052 locis
385 993 480 1051 fidelis
509 1003 570 1051 erat
599 1003 740 1068 repertuS,
764 993 866 1050 habuit
895 994 1079 1067 previnciam
1107 1012 1172 1068 par-

168 1112 228 1158 tem
248 1100 369 1159 Ciliciae
389 1101 469 1156 ir'rxte
488 1099 721 1174 Cappadociam,
737 1117 826 1173 quam
848 1099 981 1156 incolunt
1003 1100 1172 1175 Leucosyri.

168 1208 311 1264 Datames
345 1205 468 1263 militene
505 1211 609 1263 munus
645 1205 769 1279 fungens
804 1183 931 1280 primum
966 1205 1059 1279 quelis
1095 1216 1174 1264 esset

167 1312 281 1386 aperuit
322 1312 352 1368 in
394 1311 472 1368 belle
514 1310 596 1384 quod
631 1316 683 1368 rex
717 1310 856 1368 adversus
891 1310 1037 1368 Cadesies
1073 1312 1172 1386 gessit.

167 1418 305 1490 Namque
337 1417 385 1473 hie
417 1421 515 1490 megni
545 1416 599 1473 suit
631 1417 692 1473 eius
724 1433 824 1490 opera.
868 1415 936 1489 Que
972 1415 1083 1472 factum
1119 1428 1172 1488 est,

118 1541 234 1579 locum
269 1523 299 1579 in
331 1528 368 1579 ee
403 1522 481 1580 belle
517 1520 674 1580 cecidisset
709 1521 885 1592 Camisares,
920 1530 951 1578 ut
986 1531 1111 1595 paterna
1146 1529 1173 1580 ei

166 1627 329 1685 trederetur
356 1628 516 1701 previncia.

207 1735 246 1790 II.
278 1736 342 1790 Pari
363 1739 394 1790 se
415 1734 520 1790 virtute
546 1739 649 1806 postea
673 1733 816 1806 praebuit,
839 1751 908 1789 cum
932 1733 1172 1807 Autophredates

165 1839 243 1896 iussr'r
266 1840 341 1913 regis
363 1838 440 1897 belle
462 1843 687 1913 persequeretur
709 1843 759 1895 ees
780 1845 830 1912 qui
849 1838 1035 1896 defecerant.
1079 1839 1171 1895 Nam-

165 1963 223 2019 que
245 1945 328 2001 huius
354 1950 446 2018 opere
467 1944 575 2014 hostes,
597 1962 664 2000 cum
687 1953 782 2000 castra
803 1944 862 2000 iam
883 1944 1049 2014 intrassent,
1074 1944 1171 2002 multis

116 2075 140 2121 15
165 2049 280 2108 milibus
312 2049 459 2124 regierum
490 2049 650 2106 interfectis
682 2049 829 2123 prefligeti
864 2058 930 2106 sunt
965 2049 1170 2123 exercitusque

165 2156 291 2229 reliquus
331 2159 517 2213 censervetus
556 2154 631 2228 regis
671 2164 734 2226 est3
776 2160 834 2228 que
873 2172 909 2211 ex
944 2158 975 2210 re
1011 2155 1170 2212 meieribus

165 2261 250 2318 rebus
276 2278 412 2334 praeesse
437 2260 544 2332 coepit.
590 2261 660 2316 Erat
686 2265 722 2317 ee
747 2269 882 2334 tempore
904 2259 1006 2333 Thuys
1032 2258 1170 2335 dynastes

165 2366 390 2440 Paphlagoniae,
422 2369 542 2438 antiquo
577 2383 696 2439 genere,
729 2373 808 2422 ortus
844 2370 862 2422 e
897 2364 1075 2437 Pylaemene
1111 2367 1168 2435 illo,

163 2489 252 2545 quern
283 2473 433 2529 Homerus
460 2469 568 2527 Treice
597 2470 676 2528 belle
701 2476 719 2527 e
744 2470 879 2528 Patroclo
904 2470 1094 2528 interfectum
1119 2472 1168 2528 ait.

114 2610 141 2640 20
165 2578 193 2635 Is
221 2581 283 2652 regi
307 2576 388 2634 dicte
412 2575 536 2633 audiens
560 2580 620 2632 nen
645 2585 715 2632 erat.
758 2576 856 2649 Quam
881 2576 921 2634 ob
945 2593 1066 2633 causam
1091 2576 1169 2635 belle

164 2701 232 2740 eum
270 2689 407 2758 persequi
443 2681 594 2738 censtituit
630 2687 715 2755 eique
750 2687 792 2738 rei
827 2682 973 2756 praefecit
1009 2683 1168 2754 Datamen,

164 2795 361 2864 propinquum
392 2786 589 2862 Paphlagonis
600 2807 608 2859 3
644 2804 772 2860 namque
808 2805 845 2844 ex
880 2788 968 2845 fretre
1003 2798 1034 2845 et
1069 2793 1168 2846 sotere

164 2904 246 2952 erant
270 2900 339 2952 neti.
382 2893 480 2966 Quam
506 2873 545 2951 ob
570 2911 689 2950 causam
716 2894 858 2951 Datames
887 2900 1013 2967 primum
1042 2899 1169 2968 experiri

162 3000 253 3057 voluit
280 3008 312 3056 ut
339 2998 402 3056 sine
430 3005 516 3056 armis
545 3004 745 3073 propinquum
773 2999 812 3057 ad
840 2998 970 3056 officium
1001 2998 1167 3056 redficeret.

120 3142 146 3189 ²5
162 3105 210 3162 Ad
240 3123 329 3180 quem
363 3122 431 3160 cum
461 3105 589 3162 venisset
618 3104 680 3161 sine
709 3103 865 3178 praesidie,
894 3102 975 3177 quod
1004 3103 1043 3162 ab
1070 3109 1168 3162 amice

163 3209 255 3268 milles
279 3215 429 3268 vereretur
452 3210 580 3281 insidiis,
607 3227 702 3285 paene
728 3209 835 3267 interiit
846 3231 854 3280 3
883 3227 952 3265 nam
973 3208 1075 3285 Thuys
1098 3228 1167 3268 eum

163 3317 240 3374 clam
265 3316 430 3374 interficere
454 3315 554 3374 voluit.
599 3317 670 3372 Erat
695 3321 788 3382 meter
815 3333 883 3377 cum
912 3315 1050 3388 Datame,
1075 3317 1168 3381 amita

626 3436 659 3495 60,
