2574 4146
107 245 202 309 vm]
573 243 740 292 aurnuns
1140 236 1179 315 65

112 419 227 488 sarius,
255 423 327 491 quin
355 416 532 490 ancipitibus
560 415 632 473 locis
661 423 853 490 premeretur,
880 427 919 489 et,
941 424 965 476 si
993 418 1133 477 dimicare

110 525 224 594 vellet,
245 528 308 581 nen
332 521 457 580 multum
482 521 587 580 obesse
610 521 769 580 multitude
791 523 920 582 hostium
941 541 1011 582 suae
1033 526 1133 600 pauci·

117 635 182 687 teti
201 637 311 704 posset.

168 735 255 792 VIII.
285 735 372 791 Haec
401 740 456 791 etsi
483 731 720 808 Autophraidates
747 732 876 805 videbat,
906 744 1005 792 tamen
1034 736 1133 794 statim

124 841 229 898 maluit
251 838 395 914 congredi
415 857 504 914 quam
526 857 594 897 cum
616 845 704 896 tantis
725 839 818 914 copiis
840 840 972 914 refugere
997 850 1047 898 aut
1072 852 1133 898 tam
1157 863 1168 909 ς

126 945 179 1004 diri
216 950 277 1003 une
315 944 383 1002 loce
421 943 535 1002 sedere.
591 945 732 1003 Habebat
771 946 961 1004 barbarerum
999 947 1132 1022 equitum

127 1051 236 1126 viginti,
262 1048 398 1124 peditum
426 1059 545 1107 centum
573 1050 661 1122 milia,
684 1056 759 1125 ques
786 1051 828 1108 illi
855 1052 1004 1111 Cardacas
1032 1053 1131 1128 appel·

132 1156 197 1226 lant,
223 1153 418 1230 eiusdemque
443 1156 558 1230 generis
583 1155 638 1213 tria
663 1157 743 1214 milia
766 1156 956 1230 funditerum,
981 1165 1134 1234 praeterere

133 1261 348 1337 Cappadocum
368 1266 438 1318 octe
459 1261 547 1333 milia,
568 1261 775 1320 Armenierum
797 1262 903 1321 decem
925 1264 1014 1335 milia,
1037 1264 1131 1340 Paph-

133 1368 268 1442 lagonum
291 1373 422 1442 quinque
447 1366 533 1437 milia,
560 1367 707 1442 Phrygum
733 1367 839 1425 decem
868 1369 955 1438 milia,
982 1368 1131 1442 Lydorum
1157 1397 1183 1427 10

134 1480 259 1548 quinque
296 1472 383 1544 milia,
412 1472 630 1547 Aspendiorum
665 1484 695 1531 et
731 1472 893 1531 Pisidarum
928 1474 1046 1533 circiter
1080 1475 1135 1532 tria

135 1579 218 1650 milia,
260 1577 389 1637 Cilicum
430 1577 490 1637 duo
533 1579 620 1649 milia,
663 1578 877 1653 Captienerum
919 1579 1055 1650 totidem,
1097 1598 1134 1637 ex

135 1685 257 1743 Graeciai
278 1684 494 1743 conducterum
516 1685 570 1742 tria
590 1684 679 1756 milia,
697 1683 768 1743 levis
789 1691 953 1744 armaturae
975 1685 1134 1744 maximum

136 1809 296 1849 numerum.

171 1899 237 1954 Has
262 1895 402 1954 adversus
426 1895 528 1971 eripies
553 1900 621 1970 spes
642 1896 739 1954 omnis
760 1897 940 1955 censistebat
962 1898 1082 1955 Datami
1104 1897 1134 1954 in
1159 1921 1183 1967 ¹5

137 2007 163 2059 se
189 2003 308 2077 locique
336 2006 457 2073 netirrai5
492 2018 620 2075 namque
649 2002 733 2059 huius
762 2013 876 2077 partem
912 2009 973 2059 non
1007 2004 1135 2062 habebat

137 2107 303 2165 vicesimam
332 2106 464 2163 militum.
521 2105 635 2179 Quibus
667 2106 756 2165 fretus
790 2107 922 2166 cenflixit
955 2108 1134 2167 adverserie·

137 2230 255 2288 rumque
282 2212 374 2270 multa
398 2211 477 2269 milia
497 2211 638 2284 concidit,
660 2230 729 2270 eum
751 2211 790 2271 de
811 2214 901 2288 ipsius
922 2215 1054 2272 exercitii
1075 2221 1135 2272 nen

137 2319 257 2394 amplius
288 2318 441 2376 hominum
474 2295 556 2375 mille
587 2318 754 2378 cecidisset.
809 2321 908 2394 Quam
942 2321 982 2378 ob
1017 2339 1135 2378 causam

137 2429 252 2499 pestere
281 2424 331 2483 die
356 2433 512 2499 tropaeum
536 2425 644 2499 posuit,
668 2430 728 2500 quo
756 2425 824 2483 loco
852 2426 946 2501 pridie
974 2432 1136 2501 prignritum
1158 2452 1186 2483 20

137 2541 201 2590 erat.
258 2530 342 2588 Hinc
379 2548 448 2587 cum
484 2539 580 2588 castra
620 2531 759 2589 mevisset
801 2550 976 2607 semperque
1016 2534 1137 2591 inferior

137 2638 224 2713 cepiis
252 2635 387 2710 superior
413 2635 551 2694 omnibus
583 2636 701 2711 proeliis
732 2635 910 2709 discederet,
938 2639 1021 2712 quod
1052 2656 1134 2696 num-

136 2760 219 2818 quam
247 2760 371 2800 manum
399 2747 585 2815 censereret,
605 2743 661 2800 nisi
691 2761 760 2800 cum
792 2742 973 2801 adverserios
1004 2745 1137 2802 locerum

136 2849 272 2925 angustiis
293 2848 453 2921 clausisset,
475 2848 557 2922 quod
578 2854 672 2924 perite
694 2848 848 2922 regienum
869 2848 1033 2923 callideque
1056 2851 1136 2924 cegi-

137 2962 204 3013 tanti
237 2972 329 3029 saepe
360 2952 526 3025 accidebat,
554 2953 800 3029 Autophradetes,
830 2972 898 3011 cum
929 2955 1038 3012 bellum
1066 2955 1184 3026 dric125

138 3062 244 3120 meiere
272 3060 348 3135 regis
376 3059 544 3118 calamitate
569 3076 659 3133 quam
683 3058 916 3117 adverserierum
941 3059 1064 3131 videret,
1086 3067 1136 3136 pri-

137 3185 198 3225 cem
223 3166 445 3241 amicitiamque
470 3165 621 3241 pristinam
647 3172 814 3224 memorens
839 3185 907 3224 eum
932 3166 1062 3224 hortatus
1084 3178 1137 3238 est,

137 3283 165 3330 ut
192 3291 262 3330 cum
290 3276 359 3347 rege
387 3271 419 3330 in
445 3271 568 3347 gretiam
595 3269 713 3330 rediret.
756 3272 855 3346 Quam
884 3272 932 3330 ille
960 3279 1014 3330 etsi
1041 3272 1138 3354 fidam

138 3383 193 3436 nen
220 3379 284 3436 fore
312 3377 444 3453 putebat,
469 3387 570 3436 tamen
598 3377 807 3436 condicienem
836 3379 954 3453 accepit
981 3383 1071 3454 seque
1100 3380 1139 3438 ad

139 3485 327 3543 Artaxerxem
347 3477 459 3559 legetes
480 3488 634 3542 missrirum
656 3483 738 3542 dixit.
780 3484 828 3542 Sic
850 3483 969 3555 bellum,
984 3484 1066 3559 quod
1087 3489 1138 3543 rex
1161 3512 1190 3559 30

141 3589 274 3648 adversus
304 3591 457 3647 Datamen
488 3594 667 3664 susceperat,
696 3588 832 3647 sedetum
865 3599 918 3649 est.
973 3590 1138 3665 Autophra-

142 3696 220 3754 dates
241 3695 271 3755 in
293 3694 448 3772 Phrygiam
470 3699 503 3754 se
523 3694 645 3771 recepit.
