2574 4146
108 275 150 350 48
402 283 570 334 coartent
594 284 742 333 Narorts
765 285 872 333 vrnm
1113 285 1159 348 [vr.

160 457 253 514 sectus
275 461 487 531 oppr'rgnatum,
509 455 591 530 quod
613 456 749 514 omnibus
770 456 905 530 gentibus
927 456 1101 515 admirabile
1122 467 1164 514 est

159 569 262 633 visum,
285 562 362 620 adeo
391 562 475 619 facile
505 563 638 636 perculit,
661 572 692 618 ut
721 572 787 635 post
816 561 896 619 diem
926 563 1055 634 tertium,
1078 581 1165 637 quam

160 669 288 726 Siciliam
317 668 462 742 attigerat,
491 669 645 742 Syraciisas
674 667 827 724 introierit.
876 669 920 724 Ex
948 674 1009 742 quo
1038 669 1166 744 intellegi

160 785 259 849 potest
297 775 407 832 nollnm
447 792 510 830 esse
545 773 701 847 imperium
739 778 833 830 totum
869 774 924 830 nisi
959 774 1167 833 benevolentia

124 907 135 955 5
160 885 314 938 monitum.
371 881 416 937 Eo
451 889 586 954 tempore
621 879 722 936 aberat
759 879 917 954 Dionysius
953 890 982 937 et
1017 881 1048 937 in
1080 867 1168 938 ltalia

161 986 285 1043 classem
311 985 520 1060 opperiobatur
548 984 790 1054 adversariorum,
816 995 894 1042 ratus
923 985 1076 1043 nominem
1105 987 1167 1044 sine

162 1102 273 1166 magnls
302 1091 395 1166 copiis
424 1090 461 1148 ad
490 1096 522 1149 so
550 1096 714 1148 ventorum.
759 1091 844 1163 Quae
873 1096 918 1148 res
948 1109 1016 1148 eum
1046 1092 1167 1164 fefellit3

161 1216 231 1255 nam
256 1197 336 1254 Dion
354 1203 395 1255 eis
419 1197 499 1270 ipsiS,
522 1206 570 1270 qui
600 1196 654 1254 sub
681 1196 839 1254 adversarii
867 1196 982 1253 fuerant
1010 1204 1168 1271 potestate,

161 1304 258 1378 rogios
281 1302 397 1377 spiritfis
422 1301 560 1376 repressit
585 1306 733 1375 totiusque
758 1302 820 1358 aius
842 1303 933 1377 partis
954 1303 1071 1360 Siciliae
1093 1311 1168 1379 poti-

113 1445 140 1475 10
161 1420 208 1466 tus
231 1418 283 1480 est,
305 1426 382 1482 quae
403 1409 458 1467 sub
481 1408 614 1482 Dionysii
636 1407 730 1465 fuerat
751 1414 909 1482 potestate,
932 1415 1053 1483 parique
1076 1410 1169 1468 modo

162 1515 240 1574 urbis
269 1516 474 1589 Syracosarum
503 1524 620 1588 praeter
647 1531 746 1570 arcem
775 1523 806 1571 et
837 1515 961 1571 insulam
997 1514 1168 1573 adionctam

162 1620 285 1696 oppido,
303 1626 400 1695 eoque
422 1638 484 1678 rem
506 1618 653 1695 perdant,
669 1629 701 1676 ut
723 1619 829 1676 talibus
850 1620 1038 1694 pactionibus
1061 1627 1167 1695 pacem

163 1737 301 1802 tyrannus
330 1727 426 1784 facere
454 1726 559 1783 vellet:
597 1724 724 1783 Siciliam
756 1725 835 1782 Dion
866 1725 1021 1796 obtinoret,
1050 1713 1168 1784 ltaliam

163 1834 331 1907 Dionysius,
347 1833 503 1906 Syracasas
525 1831 738 1905 Apollocrates
756 1837 803 1888 cui
826 1831 984 1888 maximam
1006 1831 1099 1890 fidem
1120 1839 1169 1890 imi

115 1966 139 2014 ¹5
163 1938 293 1998 habobat
316 1938 483 2011 Dionysius

203 2046 256 2102 Vl.
286 2047 351 2102 Has
380 2054 440 2100 tam
468 2048 622 2117 prosperas
651 2052 771 2115 tamque
798 2042 963 2115 inopinatas
988 2047 1035 2100 ros
1063 2049 1168 2100 conse-

163 2156 232 2208 cota
256 2160 300 2207 est
323 2149 419 2208 subita
444 2147 646 2218 commatatio,
668 2146 750 2221 quod
771 2146 893 2204 fortana
919 2153 971 2204 sua
996 2149 1168 2218 mobilitate,

164 2273 253 2331 quem
281 2255 370 2329 paulo
398 2264 465 2311 ante
495 2255 646 2325 extulerat,
677 2252 849 2328 domergere
878 2263 923 2312 est
951 2254 1064 2313 adorta.
1109 2258 1168 2314 Pri·

164 2381 245 2419 mum
273 2361 304 2418 in
332 2361 406 2430 filio,
436 2359 474 2417 do
505 2364 565 2433 quo
600 2364 831 2416 commemoravi
865 2365 962 2434 supra,
992 2378 1075 2418 suam
1110 2361 1169 2418 vim

113 2496 142 2527 ιο
165 2467 304 2526 exercuit.
348 2466 427 2523 Nam
453 2482 520 2521 cum
547 2470 668 2522 uxorem
696 2463 869 2536 redoxisset‚
894 2482 971 2539 quae
999 2465 1048 2523 alii
1076 2467 1170 2524 suerat

164 2572 279 2643 tradita,
309 2571 464 2645 filiumque
493 2570 579 2627 vellet
608 2575 744 2627 revocare
774 2569 813 2628 ad
841 2569 979 2628 virtatem
1008 2577 1027 2628 a
1053 2570 1171 2647 perdita

164 2678 286 2748 loxuria,
315 2677 431 2750 accopit
462 2675 663 2750 gravissimum
695 2679 800 2749 parans
834 2675 938 2734 vulnus
974 2685 1068 2734 morte
1104 2676 1169 2735 lilii.

165 2783 283 2841 Deinde
308 2792 372 2840 orta
397 2780 540 2839 dissensio
566 2790 610 2838 est
634 2781 711 2838 inter
735 2798 804 2838 eum
829 2791 860 2838 et
884 2780 1088 2854 Heraclidem,
1110 2789 1169 2858 qui,

165 2889 246 2964 quod
276 2895 302 2946 ei
330 2887 526 2962 principatum
553 2891 612 2943 non
637 2884 834 2958 concodobat,
860 2886 1019 2945 factionem
1048 2906 1169 2963 compa-

114 3024 141 3071 25
165 2995 246 3053 ravit.
290 2995 396 3066 Neque
424 2991 448 3049 is
477 2992 572 3048 minus
601 2990 717 3048 valebat
745 2991 825 3065 apud
850 2992 1017 3066 optimatos‚
1043 2999 1170 3067 quorum

165 3104 312 3159 consonsr‘r
337 3108 470 3172 praeerat
495 3098 590 3168 classi,
612 3115 681 3152 cum
707 3096 787 3154 Dion
812 3097 973 3155 exercitum
999 3098 1171 3172 pedestrem

166 3210 289 3264 tenoret.
346 3205 417 3260 Non
445 3203 510 3260 tulit
538 3202 595 3259 hoc
623 3203 723 3260 animo
751 3207 847 3276 aequo
877 3203 966 3274 Dion,
996 3215 1026 3261 et
1053 3222 1170 3262 versum

165 3312 247 3369 illum
273 3311 401 3368 Homori
426 3308 536 3366 rettulit
561 3325 597 3365 ex
620 3306 752 3364 secunda
773 3307 940 3381 rhapsodia,
962 3308 993 3365 in
1014 3314 1074 3382 quo
1095 3310 1171 3367 haec

166 3416 312 3474 sententia
337 3424 399 3472 est:
436 3419 498 3470 non
522 3430 609 3488 posse
637 3413 714 3470 bene
742 3418 804 3487 geri
830 3430 893 3470 rem
922 3413 1072 3488 poblicam
1098 3415 1171 3472 mul·

116 3553 144 3598 30
166 3528 262 3580 torum
292 3519 431 3594 imperiis.
477 3516 567 3591 Quod
595 3517 709 3575 dictum
737 3524 843 3593 magna
871 3517 981 3576 invidia
1009 3524 1172 3579 consecrata

167 3637 229 3699 est;
257 3642 386 3699 namque
414 3623 561 3698 aperuisse
586 3621 741 3681 vidobatur
766 3623 865 3681 omnia
890 3625 920 3681 in
945 3631 998 3682 sua
1022 3632 1172 3700 potestate

168 3751 231 3793 esse
256 3732 340 3790 velle.
383 3731 472 3787 Hanc
495 3729 543 3788 ille
565 3733 626 3788 non
647 3728 737 3786 lonire
759 3729 911 3804 obsequio,
934 3729 987 3788 sed
1008 3731 1173 3792 acerbitate
