2574 4146
112 258 168 322 su]
562 257 730 307 Duranius
1130 249 1173 324 67

119 449 213 506 neque
256 431 449 506 conloquium
485 431 546 488 eius
581 430 685 504 petivit
722 447 819 505 neque
858 431 889 488 in
928 435 1123 505 cunspectum

120 543 214 595 venire
250 536 372 595 studuit.
435 536 481 594 Sic
512 537 618 594 absuns
648 535 806 593 amicitiam
841 536 971 610 gerubat‚
1000 546 1032 593 ut
1063 542 1123 595 nun

124 642 269 701 beneficiis
301 646 419 713 mutuis,
448 639 501 699 sed
533 645 684 699 communi
711 641 791 713 odiu,
816 642 898 716 quod
926 647 995 717 ergu
1021 646 1122 717 rugem

123 753 318 824 suscuperant,
341 747 486 805 continuri
507 746 685 805 viderentur.

157 856 211 913 XI.
241 853 279 913 Id
304 872 373 911 cum
398 853 466 911 satis
491 857 523 910 s'e'
549 852 744 911 cuntirmusse
769 853 923 911 arbitritus
948 863 1034 924 esset,
1060 872 1122 911 cer·
1147 875 1158 921 5

121 961 224 1018 tiurem
249 959 320 1017 facit
346 961 503 1030 Datamun,
528 968 645 1033 tempus
670 977 735 1016 esse
760 960 886 1017 muiurus
911 963 956 1017 rus
978 965 1072 1034 paruri
1094 968 1124 1016 et

121 1066 228 1124 bellum
256 1084 323 1122 cum
353 1065 418 1139 ipsu
443 1069 511 1139 ruge
540 1065 657 1139 suscipi,
682 1064 780 1139 duque
810 1071 844 1122 eu
872 1069 912 1134 ru,
936 1071 960 1121 si
988 1071 1015 1122 ei
1041 1066 1122 1123 vidu-

122 1176 206 1243 rutur,
234 1176 296 1246 quu
324 1171 392 1232 locu
419 1170 514 1242 vellet,
544 1171 574 1227 in
602 1170 792 1244 conloquium
819 1176 941 1228 veniret.
998 1172 1124 1229 Probutu

122 1282 159 1349 ru,
180 1275 383 1351 conloquendi
414 1285 530 1350 tempus
561 1275 683 1333 sumitur
714 1275 854 1350 locusque
893 1281 952 1350 quu
985 1283 1123 1334 conveni-

123 1387 206 1441 rutur.
250 1383 320 1439 Huc
353 1381 540 1440 Mithridutus
568 1399 636 1438 cum
665 1386 735 1451 unu,
764 1387 813 1438 cui
841 1382 967 1439 maixime
996 1381 1124 1440 habebat
1149 1413 1175 1443 ιο

123 1489 220 1560 tidem,
242 1499 312 1547 ante
337 1488 449 1563 aliquot
473 1487 538 1545 dius
562 1487 642 1545 venit
667 1487 925 1562 compluribusque
947 1489 1019 1546 locis
1040 1493 1123 1563 supa-

124 1597 205 1654 ritim
232 1594 347 1671 gladios
375 1594 473 1652 obruit
501 1611 595 1668 eaque
624 1593 691 1652 loca
718 1593 873 1668 diligenter
903 1604 996 1652 notat.
1053 1595 1123 1669 Ipsu

124 1711 219 1760 autem
240 1700 391 1774 conloquii
411 1699 460 1757 die
484 1704 608 1774 utrique,
629 1699 729 1756 locum
753 1705 805 1773 qui
829 1701 1014 1774 explorarent
1035 1711 1124 1774 atque

124 1807 199 1882 ipsus
231 1811 437 1874 scrutarentur,
467 1805 605 1877 mittunt;
641 1803 751 1862 deinde
782 1805 838 1880 ipsi
868 1816 936 1863 sunt
966 1812 1123 1881 congressi.

127 1914 180 1970 Hic
205 1931 275 1970 cum
301 1911 480 1986 aliquamdiu
505 1911 536 1968 in
561 1911 719 1985 conloquiu
744 1911 866 1968 fuissent
888 1921 918 1968 et
938 1911 1045 1969 diversi
1066 1911 1123 1969 dis·
1150 1937 1173 1983 15

120 2019 277 2090 ¹cessissent
311 2018 430 2091 iamque
465 2016 569 2091 procul
601 2018 742 2074 Datames
774 2017 898 2087 abesset,
928 2016 1124 2088 Mithridates,

126 2124 292 2200 priusquam
317 2122 356 2180 ad
381 2128 448 2181 suus
473 2129 648 2196 perveniret,
673 2127 710 2180 ne
735 2140 824 2196 quam
850 2123 1048 2196 suspiciunem
1073 2141 1124 2197 pa-

126 2242 207 2302 reret,
235 2231 267 2288 in
295 2228 423 2287 eundem
452 2228 551 2286 locum
579 2229 733 2286 revertitur
761 2238 849 2302 atque
877 2228 928 2299 ibi,
956 2229 1007 2286 ubi
1034 2229 1125 2286 tulum

127 2347 183 2394 erat
210 2335 363 2406 infossum,
393 2334 512 2406 resudit,
540 2344 572 2391 ut
600 2340 624 2391 si
651 2334 822 2392 lassitudine
850 2344 974 2409 cuperet
1004 2334 1125 2408 adquiu-

127 2460 214 2513 scere,
247 2443 454 2515 Datamenque
489 2440 644 2511 revocuvit,
676 2440 814 2498 simuluns
849 2445 881 2497 su
919 2440 1061 2514 quiddam
1096 2441 1127 2498 in
1149 2468 1177 2498 20

127 2549 281 2623 conloquiu
317 2565 381 2605 esse
415 2546 548 2605 oblitum.
605 2546 727 2603 Interim
762 2547 863 2617 telum,
892 2545 973 2620 quod
1008 2546 1125 2618 latubat,

127 2655 242 2728 prutulit
264 2653 466 2727 nudummque
487 2657 591 2726 vuginu
610 2661 692 2709 veste
712 2653 785 2710 tuxit
805 2670 841 2708 ac
861 2653 981 2709 Datami
998 2653 1128 2711 venienti

127 2761 171 2833 ait,
196 2759 413 2835 digredientem
441 2763 472 2817 su
500 2757 741 2816 animadvertisse
769 2758 867 2815 locum
895 2758 1055 2831 quendam,
1078 2766 1128 2834 qui

129 2865 237 2925 eratin
258 2870 431 2939 cunspectu
453 2864 491 2922 ad
512 2875 608 2922 castra
628 2862 769 2938 ponenda
790 2882 854 2921 esse
875 2862 1026 2922 idoneum.

163 2974 263 3047 Quem
304 2990 372 3028 cum
410 2970 503 3045 digitu
542 2970 759 3028 dumunstruret
800 2980 830 3027 et
865 2968 917 3026 ,ffle
958 2971 1128 3044 respiceret,
1151 2996 1177 3043 ²5

130 3083 257 3138 uversum
282 3078 360 3136 ferru
386 3077 534 3134 trunsfixit
561 3077 700 3150 priusque
728 3092 817 3149 quam
845 3076 1000 3150 quisquam
1028 3087 1129 3151 posset

130 3201 303 3255 succurrere,
332 3182 492 3240 interfecit.
536 3183 582 3239 Ita
609 3181 657 3238 ille
692 3181 744 3252 vir,
773 3187 823 3255 qui
858 3181 964 3240 multus
996 3184 1128 3254 cunsiliu,

130 3291 274 3348 numinem
296 3289 421 3364 perfidiu
441 3293 569 3362 cuperat,
592 3287 726 3345 simulutu
747 3297 850 3362 captus
872 3297 917 3346 est
939 3289 1075 3347 amicitiu.
