2574 4146
112 301 152 348 22
408 299 577 349 CORNELII
601 300 749 350 NEPOTIS
771 299 877 348 VITAE
1129 299 1171 365 [V.

162 470 255 546 magis
284 471 440 530 Pausanies
468 472 654 547 perturbetus
681 477 764 529 erere
794 472 904 547 coepit,
932 477 971 531 ne
1001 473 1170 531 enirntieret

162 594 220 634 neu
249 581 281 634 se
309 577 446 636 meritum
474 577 513 635 de
541 578 591 636 illo
623 577 736 651 optime
766 578 924 652 proderet:
951 579 1033 652 quod
1055 586 1079 636 si
1101 598 1167 637 eam

161 682 279 741 veniam
318 683 372 742 sibi
410 683 542 742 dedisset
577 688 723 757 tantisque
758 683 941 758 implicatum
978 685 1065 743 rebus
1100 686 1169 745 sub·

162 790 295 861 levisset,
318 793 425 864 megne
454 795 481 846 ei
508 789 641 864 praemio
669 788 807 846 sutirrum.

126 917 137 964 ς
202 895 239 953 V.
266 897 322 952 His
353 895 440 953 rebus
468 894 572 970 ephori
600 894 726 969 cegnitis
753 894 842 952 satius
871 901 1010 969 putarunt
1036 897 1068 952 in
1095 898 1169 955 urbe

163 1020 230 1060 eum
253 1000 475 1075 comprehendi.
518 1000 587 1074 Que
608 1018 677 1057 cum
700 1010 797 1057 esseut
818 1001 943 1075 profecti
961 1011 992 1058 et
1010 1002 1169 1060 Pausauies

163 1108 280 1183 pliciter
308 1106 428 1182 Argilie,
457 1116 489 1164 ut
516 1107 647 1181 putebat,
676 1105 935 1164 Lacedaemonem
963 1112 1168 1180 reverteretur,

163 1214 193 1271 iu
217 1214 332 1285 itinere,
354 1231 421 1271 cum
446 1212 504 1269 iam
529 1212 559 1270 in
584 1217 621 1270 ee
646 1223 724 1270 esset
744 1222 776 1270 ut
797 1212 1109 1287 comprehenderetur,
1132 1231 1171 1271 ex

162 1320 243 1378 vultir
271 1318 423 1377 ciriusdam
451 1317 563 1392 ephori,
591 1325 642 1392 qui
670 1337 738 1376 eum
766 1317 920 1377 admoneri
950 1321 1100 1393 cupiebat,
1127 1327 1170 1377 in-

115 1453 142 1484 10
164 1426 252 1484 sidies
286 1425 341 1484 sibi
370 1425 433 1482 lieri
459 1424 610 1482 intellexit.
670 1425 776 1498 Itaque
803 1430 905 1499 paucis
933 1434 1001 1482 ante
1028 1425 1170 1500 gradibus

164 1549 253 1606 quam
284 1504 333 1604 dui
364 1547 432 1587 eum
465 1530 672 1604 sequebantur,
693 1530 724 1586 in
758 1528 864 1587 aedem
900 1530 1062 1602 Minervae,
1091 1549 1170 1606 quae

164 1637 351 1696 Chalcioicos
384 1642 515 1707 vocetur,
544 1635 689 1710 cenfrigit.
753 1635 835 1692 Hinc
870 1640 908 1693 ne
944 1641 1021 1694 exire
1056 1647 1169 1712 posset,

164 1743 263 1800 statim
291 1742 395 1817 ephori
421 1742 518 1799 valves
547 1742 609 1798 eius
637 1739 719 1798 aedis
754 1741 961 1799 obstnixerunt
996 1746 1170 1817 tectumque

164 1858 232 1906 sunt
255 1847 397 1919 demeliti,
412 1853 473 1922 que
497 1847 620 1904 celerius
645 1847 699 1904 sub
721 1846 789 1904 dive
811 1847 951 1904 interiret.
994 1847 1111 1905 Dicitur
1132 1854 1171 1906 ee

115 1976 140 2023 ις
165 1963 300 2028 tempore
329 1959 454 2011 metrem
483 1953 643 2010 Pausaniae
671 1952 776 2010 vixisse
805 1969 930 2026 eamque
965 1952 1023 2008 iam
1060 1959 1171 2028 migne

164 2065 244 2131 mitri,
272 2069 430 2134 postquam
459 2058 498 2117 de
526 2058 637 2116 scelere
665 2058 724 2115 filii
754 2059 909 2132 comperit,
937 2059 967 2115 in
998 2064 1100 2132 primis
1130 2059 1172 2118 ad

165 2166 261 2223 silium
290 2164 489 2222 claudendum
517 2163 645 2239 lapidem
674 2165 713 2220 ad
741 2163 891 2221 introitum
920 2163 1002 2221 aedis
1027 2164 1171 2223 attulisse.

66 2322 70 2332 .
166 2272 225 2328 Hic
253 2289 321 2328 cum
351 2270 529 2329 semianimis
557 2269 595 2327 de
624 2269 737 2344 templo
768 2270 860 2327 eletus
896 2279 981 2339 esset,
1011 2270 1171 2328 confestim

164 2379 292 2435 animam
325 2373 442 2434 efflevil.
498 2377 543 2433 ᾖε
579 2376 735 2432 Pausanies
771 2381 906 2449 megnam
941 2375 1010 2433 belli
1044 2376 1172 2450 gleriam

115 2509 143 2540 20
164 2490 243 2558 turpi
267 2494 361 2541 morte
388 2481 552 2539 maculavit.
595 2482 686 2540 Cuius
711 2488 817 2538 mortui
840 2499 946 2556 corpus
968 2499 1036 2538 cum
1059 2481 1171 2540 eedem

164 2590 296 2647 nennulli
317 2589 449 2646 dicerent
470 2587 569 2644 inferri
590 2592 726 2662 oportere
743 2592 803 2661 quo
823 2587 843 2644 ii
864 2594 914 2661 qui
931 2587 969 2644 ad
990 2589 1172 2662 supplicium

165 2705 264 2753 essent
298 2694 367 2766 dati,
400 2693 549 2768 displicuit
584 2694 722 2768 phiribuS,
753 2703 783 2750 et
817 2694 920 2767 procul
954 2694 993 2751 ab
1028 2699 1065 2750 eo
1101 2695 1172 2753 loce

164 2801 347 2872 insedemnt,
376 2805 436 2874 que
466 2809 527 2857 erat
555 2809 696 2857 mortuus.
743 2798 818 2856 Inde
847 2799 990 2873 posterius
1019 2798 1069 2856 dei
1098 2800 1170 2857 Del-

164 2907 245 2982 phici
268 2911 412 2980 respense
437 2909 535 2963 erutus
561 2884 650 2977 atque
674 2903 782 2961 eedem
807 2904 874 2960 loce
900 2904 1030 2978 sepultus
1052 2906 1171 2984 estnubi

114 3040 139 3087 ²5
163 3020 253 3072 vitam
275 3022 421 3086 posuerat.
