2574 4146
168 242 208 302 82
458 252 629 301 CORNELII
652 251 800 302 NEPOTIS
823 253 932 302 VITAE
1173 257 1224 321 [IV.

215 430 309 481 visum
331 425 433 499 cepies
454 424 606 482 extrahere
629 442 665 481 ex
685 425 887 496 hibemeculis,
908 425 991 497 vidit,
1013 433 1045 501 si,
1062 433 1122 502 que
1148 407 1228 488 esset

215 530 271 587 iter
298 530 433 602 facterus,
454 531 552 605 palam
579 531 809 605 prenuntiesset,
838 531 938 590 hostes
966 537 1027 591 nen
1059 533 1228 595 crediteres

215 635 345 710 aliesque
366 635 501 710 regienes
522 634 674 710 praesidiis
699 641 894 711 occupateres
918 655 1017 713 neque
1039 637 1229 701 dubitauires

215 741 295 799 aliud
323 760 391 799 eum
419 743 562 799 facturum
590 760 626 799 ac
656 742 882 816 prenentiesset.
938 745 1044 819 Itaque
1076 764 1147 803 cum
1179 748 1229 806 ille

179 869 190 917 5
215 849 313 906 Sardis
343 848 451 905 iterum
483 853 514 905 se
546 847 675 918 dixisset,
703 847 915 922 Tissaphernes
945 850 1074 909 eandem
1106 853 1229 912 Ceriam

216 953 437 1012 defendendam
461 955 583 1028 putavit.
626 955 662 1011 In
683 959 744 1028 que
765 973 833 1011 cum
857 973 924 1012 eum
948 957 1050 1030 opinie
1074 957 1230 1018 fefellisset

215 1067 383 1135 victumque
401 1065 433 1117 se
451 1059 573 1117 vidisset
590 1059 725 1131 censilie,
741 1064 807 1118 sere
827 1067 884 1118 suis
905 1061 1055 1135 praesidie
1073 1065 1230 1138 profectus

216 1177 260 1225 est
271 1187 279 1239 ;
314 1185 382 1224 nam
411 1185 479 1223 cum
508 1166 557 1224 ille
585 1167 722 1236 venisset,
751 1167 810 1223 iam
837 1167 988 1242 Agesilaus
1018 1169 1117 1227 multis
1154 1170 1229 1229 locis

215 1278 387 1347 exprignetis
409 1278 516 1347 magne
536 1282 598 1329 erat
622 1271 734 1346 praede
758 1279 877 1346 potitus.
921 1273 1002 1331 Lace
1028 1284 1131 1332 autem
1157 1295 1229 1335 cum

167 1401 193 1432 10
214 1379 328 1438 videret
352 1378 451 1436 hostes
477 1378 608 1452 equitete
633 1384 779 1451 superare,
801 1397 963 1453 numquam
988 1380 1019 1436 in
1045 1387 1158 1456 campe
1183 1391 1229 1441 sui

215 1484 289 1542 fecit
310 1490 489 1558 potestetem
511 1493 540 1541 et
554 1490 595 1542 eis
617 1483 687 1541 locis
710 1502 828 1540 manum
850 1484 1010 1555 censeruit,
1029 1486 1139 1560 quibus
1160 1488 1228 1563 ples

215 1589 368 1665 pedestres
393 1589 497 1664 cepiae
527 1588 665 1646 valerent.
708 1589 823 1663 Pepulit
852 1595 932 1665 erge,
954 1591 1227 1670 quotienscumque

214 1714 388 1771 congressus
423 1705 476 1767 est,
508 1695 601 1753 multe
634 1677 759 1753 meier'es
792 1694 1025 1754 adversarierum
1057 1699 1163 1773 cepies
1196 1711 1228 1758 et

214 1810 255 1861 sic
291 1803 322 1859 in
355 1801 426 1859 Asie
460 1807 590 1858 versatus
625 1810 679 1871 est,
715 1810 747 1857 ut
781 1801 914 1858 omnium
950 1803 1092 1877 opiniene
1129 1812 1227 1864 victor

167 1933 190 1978 ¹5
214 1908 379 1966 dt‘lcerfitur.

255 2016 307 2072 IV.
337 2015 396 2071 Hic
435 2031 507 2074 cum,
542 2013 600 2069 iam
637 2013 735 2069 anime
774 2011 964 2071 mediteretur
1002 2016 1154 2089 proficisci
1195 2019 1226 2076 in

215 2122 315 2177 Persas
344 2128 374 2176 et
402 2119 498 2192 ipsum
531 2122 631 2192 regem
663 2117 778 2188 adoriri
807 2118 925 2176 nuntius
958 2126 985 2176 ei
1016 2118 1110 2179 dome
1142 2123 1226 2181 venit

214 2225 392 2300 ephorerum
415 2229 513 2295 misse,
530 2223 640 2281 bellum
661 2223 855 2281 Athenienses
877 2233 906 2281 et
928 2226 1059 2284 Boeetes
1079 2227 1223 2288 indixisse

215 2330 476 2389 Lacedaemoniis:
506 2335 565 2403 que
585 2333 617 2386 re
640 2335 740 2386 venire
762 2334 800 2387 ne
822 2329 979 2388 dubiteret.
1022 2333 1059 2389 In
1079 2332 1139 2391 hec
1160 2339 1225 2393 nen

163 2468 191 2498 20
213 2438 310 2495 minus
337 2437 399 2495 eius
430 2436 524 2511 pietes
555 2434 743 2509 suspicienda
775 2445 819 2493 est
849 2454 939 2510 quam
970 2437 1060 2496 virttis
1093 2439 1223 2514 bellica3

213 2550 356 2618 quicum
380 2547 484 2600 victeri
507 2551 657 2615 praeesset
681 2541 821 2598 exercitui
849 2542 1067 2617 maximamque
1096 2544 1223 2605 haberet

213 2649 359 2708 fideciam
392 2653 474 2722 regni
502 2649 654 2704 Perserum
682 2645 827 2720 potiundi,
849 2653 931 2704 tante
961 2647 1109 2707 modestie
1137 2650 1223 2711 dicte

213 2755 336 2814 audiens
357 2753 411 2810 fuit
435 2753 518 2810 iussis
543 2752 709 2810 absentium
733 2752 965 2827 magistretuum,
987 2763 1019 2810 ut
1043 2760 1068 2812 si
1089 2763 1222 2829 privetus

212 2863 243 2919 in
271 2859 393 2918 comitie
422 2868 499 2916 esset
527 2859 658 2931 Spartae.
704 2856 795 2916 Ceius
825 2858 995 2932 exemplum
1022 2859 1137 2918 utinam
1167 2863 1221 2920 im-

162 2997 188 3044 25
213 2971 364 3042 perateres
391 2970 483 3022 nostri
514 2969 597 3038 sequi
627 2962 807 3021 voluissent!
862 2962 920 3021 Sed
952 2963 1021 3022 illuc
1053 2965 1221 3027 redeemus.

212 3072 364 3148 Agesilaus
392 3069 616 3144 opulentissime
648 3073 740 3144 regne
772 3069 943 3144 praeposuit
975 3069 1085 3129 bonam
1121 3074 1222 3132 existi·

213 3179 374 3236 metienem
403 3176 556 3250 multeque
584 3175 737 3250 gleriesius
765 3173 857 3246 dexit,
886 3180 911 3232 si
936 3175 1075 3234 institetis
1107 3179 1223 3252 patriae

212 3285 364 3360 peruisset,
392 3301 482 3357 quam
509 3287 535 3339 si
561 3281 638 3339 belle
670 3287 836 3356 superesset
866 3280 975 3338 Asiam.
1032 3283 1102 3340 Hec
1135 3284 1225 3360 igitur

212 3400 312 3449 mente
350 3389 580 3463 Hellespontum
616 3387 717 3461 cepies
753 3386 867 3444 treiecit
902 3392 1042 3461 tantaeque
1074 3393 1145 3448 esus
1179 3403 1224 3450 est

162 3530 190 3576 ³0
213 3497 435 3568 celeritatem,
458 3493 540 3568 quod
562 3493 616 3550 iter
636 3494 748 3550 Xerxes
771 3497 849 3550 anne
874 3502 1009 3550 vertente
1033 3495 1224 3568 cenfecerat,

213 3605 261 3662 hic
289 3601 433 3662 transierit
462 3599 581 3675 triginti
607 3597 720 3656 diebus.
763 3599 840 3657 Cum
869 3598 928 3656 iam
955 3598 1036 3657 haud
1064 3600 1108 3660 ita
1133 3601 1225 3680 longe

212 3711 328 3781 abesset
355 3715 373 3776 e
401 3707 618 3790 Peloponnese,
634 3704 789 3788 *obsistere
817 3711 846 3765 ei
873 3709 973 3763 cenati
1000 3716 1069 3766 sunt
1098 3708 1224 3773 Atheni·
