2574 4146
167 257 209 319 74
459 251 628 301 conuiuii
650 252 800 302 NEPOTIS
824 253 932 302 viana
1127 255 1227 319 [naz.

217 425 288 483 salvi
323 443 386 483 esse
422 435 552 499 possent,
582 442 679 500 neque
717 425 796 500 prius
834 426 943 484 bellare
982 427 1096 486 dostitit
1135 447 1227 504 quam

217 531 355 589 Messono
376 531 510 590 restitoto
530 531 634 589 urbem
658 536 759 589 eorum
781 531 937 590 obsidione
960 533 1094 592 clausit.”

256 638 344 695 Haec
363 655 432 693 cum
453 636 583 709 dixisset,
599 643 670 695 risus
691 637 825 696 omnium
846 656 914 695 cum
937 638 1082 698 hilaritote
1104 652 1229 702 coortus

217 753 269 828 est,
291 760 390 818 neque
418 743 572 818 quisquam
601 743 690 801 iudex
715 761 801 801 ausus
826 754 871 802 est
895 744 934 802 do
960 749 997 802 eo
1022 745 1098 804 ferre
1124 747 1228 807 suffra-

180 870 191 916 5
215 850 303 924 gium.
347 849 394 907 Sic
415 854 433 906 a
453 848 563 907 iudicio
585 849 690 924 capitis
712 849 840 906 maximo
860 849 996 908 discessit
1017 851 1118 926 gloria.

257 956 307 1012 lic
339 956 399 1012 Hic
425 960 557 1014 extremo
584 965 717 1029 tempore
743 955 904 1029 imperator
928 955 1009 1031 apud
1038 959 1229 1018 Mantinoam

216 1079 284 1117 cum
313 1061 377 1118 acio
401 1065 541 1118 instrocta
565 1060 704 1119 audacius
731 1066 851 1118 instaret
875 1061 1017 1134 hostibus,
1047 1064 1187 1138 cognitus
1212 1071 1231 1123 o

215 1165 469 1238 Lacedaemoniis,
492 1165 573 1241 quod
595 1167 625 1223 in
649 1171 734 1224 onius
759 1167 891 1241 pernicie
917 1168 980 1225 oius
1001 1169 1115 1243 patriae
1139 1171 1228 1228 sitam

215 1272 359 1347 putabant
393 1272 526 1342 saltitem,
557 1272 684 1329 universi
715 1272 745 1329 in
777 1277 869 1330 imum
904 1273 1049 1348 impetum
1085 1275 1230 1334 focorunt

169 1385 312 1452 1>neque
337 1378 417 1452 prius
442 1378 655 1449 abscesserunt,
680 1396 769 1453 quam
794 1384 901 1453 magno
925 1378 1018 1436 caede
1044 1378 1125 1438 odito
1151 1383 1227 1439 mul·

214 1491 309 1560 iisque
335 1490 438 1542 occisis
463 1484 619 1543 fortissime
645 1485 742 1560 ipsum
764 1484 1005 1560 Epaminondam
1031 1491 1227 1562 pognantem,

214 1596 302 1667 sparo
324 1590 438 1648 ominus
460 1609 639 1666 percussum,
662 1590 823 1649 concidere
843 1591 987 1648 vidorunt.
1032 1593 1131 1650 Hoius
1154 1599 1227 1652 caso

214 1697 396 1772 aliquantum
434 1696 571 1754 retardaiti
609 1705 676 1753 sunt
715 1697 829 1767 Boeoti,
865 1714 962 1771 neque
1002 1707 1103 1755 tamen
1143 1700 1227 1773 prius

214 1808 314 1879 pogna
348 1807 535 1860 excessorunt
570 1818 659 1875 quam
695 1806 892 1876 repognantos
928 1802 1128 1878 profligarunt.
1185 1808 1226 1863 At

170 1932 190 1979 ¹5
215 1907 447 1984 Epaminondas
472 1927 541 1965 cum
569 1906 816 1965 animadverteret
846 1908 1028 1966 mortiferum
1058 1914 1090 1967 so
1118 1911 1226 1969 vulnus

214 2016 364 2090 accopisse
389 2014 543 2089 simulque,
566 2020 589 2071 si
614 2013 731 2085 serrum,
752 2013 834 2089 quod
860 2032 897 2072 ex
922 2014 1017 2072 hastili
1041 2015 1071 2072 in
1095 2035 1225 2092 corpore

215 2127 404 2191 remanserat,
429 2120 608 2190 extraxisset,
635 2120 764 2176 animam
793 2120 891 2176 statim
920 2124 1103 2191 omissorum,
1129 2141 1224 2196 usque

215 2232 251 2285 eo
280 2227 407 2298 retinuit,
436 2226 536 2300 quoad
564 2226 760 2282 renontiatum
790 2234 834 2282 est
861 2225 965 2283 vicisse
995 2227 1134 2285 Boeotos.
1186 2227 1224 2285 Id

213 2344 372 2409 postquam
404 2331 523 2402 audivit,
553 2331 684 2402 “Satis”
715 2330 818 2404 inquit,
848 2334 950 2402 “vixi;
987 2331 1112 2389 invictus
1141 2333 1224 2390 enim

163 2454 191 2486 20
215 2441 352 2498 morior.''
394 2439 473 2494 Tum
494 2437 570 2494 ferro
592 2442 724 2494 extracto
746 2437 900 2494 confestim
925 2437 1106 2495 exanimatus
1129 2448 1183 2496 est.

254 2547 290 2603 X.
325 2547 385 2602 Hic
413 2549 535 2602 uxorem
563 2561 724 2618 numquam
753 2542 845 2601 doxit.
902 2542 937 2598 In
965 2547 1026 2616 quo
1055 2562 1123 2600 cum
1153 2561 1221 2618 rep·

214 2650 425 2710 rehenderotur
456 2656 474 2708 o
508 2649 658 2724 Pelopida,
689 2655 739 2723 qui
775 2647 872 2705 filium
903 2647 1032 2706 habobat
1063 2649 1222 2721 infamem,

214 2758 350 2833 maleque
389 2775 457 2814 eum
495 2757 525 2813 in
565 2760 601 2812 eo
640 2755 751 2829 patriae
789 2754 944 2811 consulere
977 2753 1099 2826 diceret,
1137 2755 1221 2830 quod

213 2864 320 2923 liberos
355 2868 413 2920 non
448 2862 635 2936 relinqueret,
667 2860 800 2931 “Vide”
832 2860 935 2933 inquit,
965 2864 1032 2917 “no
1068 2864 1101 2918 to
1135 2861 1221 2935 poius

162 2997 189 3043 25
213 2969 357 3040 consulis
386 2975 436 3042 qui
463 2967 549 3024 talem
579 2985 616 3024 ex
643 2970 672 3024 to
701 2973 800 3024 notum
830 2967 982 3023 relictorus
1011 2972 1058 3023 sis.
1110 2967 1219 3042 Neque

213 3081 283 3135 v'e'ro
311 3075 398 3149 stirps
426 3081 525 3146 potest
553 3072 625 3128 mihi
653 3071 756 3129 deesse
768 3092 776 3142 3
812 3089 940 3145 namque
972 3089 1010 3128 ex
1041 3075 1090 3129 mo
1119 3078 1220 3130 natam

213 3183 347 3255 relinquo
387 3183 516 3255 pognam
560 3177 752 3245 Leuctricam,
795 3194 870 3250 quae
912 3181 972 3234 non
1015 3175 1108 3234 modo
1147 3177 1221 3235 mihi

213 3296 370 3362 superstes,
399 3285 452 3342 sed
481 3283 570 3340 etiam
599 3281 770 3339 immortalis
799 3282 836 3338 sit
864 3300 985 3339 necesse
1018 3284 1092 3339 est.'’
1150 3284 1220 3357 Quo

213 3405 348 3468 tempore
380 3390 456 3449 duce
493 3388 636 3463 Pelopida
670 3388 783 3445 exsulos
817 3387 934 3445 Thobos
969 3393 1154 3462 occuporunt
1190 3399 1220 3448 et

162 3528 191 3574 30
213 3497 392 3576 praesidium
426 3494 731 3554 Lacedaemoniorum
762 3511 799 3550 ex
827 3511 894 3550 arce
923 3494 1108 3568 expulorunt,
1140 3496 1219 3571 Epa-

212 3608 376 3677 minondas,
399 3623 488 3680 quam
518 3601 569 3659 diii
598 3602 675 3657 sacta
702 3608 746 3656 est
770 3598 878 3656 caedos
913 3599 1028 3670 civium,
1058 3599 1152 3658 domo
1188 3605 1220 3660 so

213 3714 316 3782 tenuit,
345 3708 425 3786 qnod
454 3724 550 3782 neque
580 3704 740 3763 dofendere
769 3704 862 3762 malos
891 3704 1010 3762 volobat
1039 3722 1136 3780 neque
1165 3706 1219 3764 im·
