2574 4146
442 263 611 314 coauamr
635 264 783 317 uasorrs
807 267 914 317 vrum
1155 267 1208 332 [n.

202 438 271 497 dem
296 439 465 511 sustulisset,
487 438 560 496 nihil
585 445 686 497 earum
710 445 806 498 rarum
832 441 895 499 fore
918 452 1021 513 ratum,
1045 447 1119 516 quas
1142 441 1209 516 ipse

201 545 322 603 Athenis
351 545 566 618 canstituisset3
599 551 657 617 qua
680 550 721 618 ra,
745 553 768 603 si
792 553 857 606 suas
886 554 932 606 ras
960 555 1057 624 gestas
1087 555 1210 606 manare

200 651 297 722 vellet,
325 651 406 708 illum
434 655 668 726 persequeratur.
725 652 781 707 His
810 651 890 707 Laco
918 651 1005 709 rabus
1036 658 1209 712 commatus

202 757 301 815 statuit
329 756 492 814 accaratius
520 757 575 815 sibi
603 755 752 831 agendum
779 774 848 813 cum
878 755 1076 815 Pharnabaza.
1123 759 1210 816 Huic

166 884 176 931 5
202 867 272 937 erga
306 863 452 919 renuntiat
485 880 560 936 quae
590 867 651 937 ragi
678 879 746 919 cum
776 860 1022 920 Lacedaemoniis
1050 864 1209 922 convanis-

202 977 276 1038 sent,
298 968 353 1025 nisi
376 967 561 1026 Alcibiadem
587 974 682 1025 vivum
707 977 757 1024 aut
778 977 927 1025 mortuum
948 968 1004 1027 sibi
1024 969 1209 1027 tradidisset.

203 1075 273 1130 Nan
298 1075 363 1130 tulit
388 1074 445 1130 hac
470 1078 601 1147 satrapas
626 1083 656 1130 et
678 1073 786 1130 violare
808 1074 996 1131 clementiam
1018 1092 1109 1148 quam
1131 1077 1210 1150 ragis

202 1184 275 1253 opas
296 1181 388 1236 minui
409 1180 520 1236 maluit.

243 1287 348 1359 Itaque
377 1285 454 1341 misit
482 1284 682 1342 Susamithren
710 1294 740 1342 et
770 1286 919 1360 Bagaeum
951 1285 990 1343 ad
1018 1286 1209 1345 Alcibiadem

154 1418 180 1449 ιο
203 1390 448 1460 interficiendum,
488 1408 555 1447 cum
595 1391 641 1447 ille
681 1400 757 1447 esset
792 1391 822 1448 in
858 1391 982 1466 Phrygia
1017 1391 1131 1466 iterque
1166 1391 1209 1450 ad

203 1501 303 1570 regem
334 1502 528 1570 compararet.
584 1497 667 1553 Missi
698 1496 773 1552 clam
804 1497 954 1568 vicinitati,
985 1497 1015 1554 in
1050 1504 1109 1571 qua
1143 1507 1210 1555 tum

203 1602 371 1660 Alcibiadas
400 1612 470 1673 erat,
495 1601 568 1659 dant
595 1602 744 1676 negotium
773 1612 805 1659 ut
834 1621 902 1660 eum
930 1603 1117 1661 interficiant.
1161 1604 1210 1661 Illi

203 1727 270 1765 cum
297 1709 372 1765 ferro
397 1706 517 1782 aggredi
539 1712 600 1764 nan
627 1707 779 1778 auderent,
801 1712 892 1766 nocta
916 1709 994 1783 ligna
1018 1710 1210 1767 contularunt

203 1815 280 1871 circa
301 1832 401 1870 casam
423 1831 498 1884 eam,
521 1813 551 1869 in
572 1818 630 1887 qua
655 1813 835 1886 quiescebat,
858 1832 952 1887 eaque
978 1814 1209 1886 succenderunt,

154 1943 179 1990 15
204 1929 235 1977 ut
259 1918 399 1976 incendia
425 1919 615 1989 canficerent,
638 1937 727 1992 quem
752 1923 840 1975 mana
865 1925 994 1993 superari
1015 1936 1101 1993 posse
1126 1919 1208 1978 diffi-

203 2026 323 2083 debant.
366 2024 419 2081 llle
446 2035 545 2081 autem
569 2036 601 2080 ut
627 2024 724 2081 sonita
750 2024 885 2081 flammae
911 2034 955 2082 est
977 2026 1129 2096 excitatus,
1152 2032 1211 2083 etsi

203 2129 316 2205 gladius
345 2136 372 2186 ei
400 2140 461 2186 erat
493 2128 664 2199 subductus
694 2128 840 2187 familiaris
872 2137 916 2187 sui
946 2131 1078 2188 subalare
1114 2132 1210 2188 talum

203 2237 318 2311 aripuit.
361 2237 498 2308 Namque
521 2245 582 2292 erat
603 2254 671 2291 cum
694 2239 730 2292 eo
749 2234 870 2309 quidam
890 2254 927 2292 ex
944 2237 1071 2294 Arcadia
1087 2236 1210 2311 hospeS,

203 2349 254 2416 qui
277 2359 438 2415 numquam
467 2340 622 2398 discadere
649 2342 790 2398 voluerat.
834 2343 924 2398 Hunc
954 2348 1036 2415 sequi
1064 2346 1096 2399 sa
1125 2343 1211 2400 iubet

153 2473 182 2505 20
204 2458 233 2504 et
258 2448 289 2505 id
315 2446 396 2521 quod
417 2447 448 2503 in
469 2447 633 2520 praesentia
652 2452 892 2504 vestimentarum
915 2448 968 2504 suit
989 2447 1104 2522 adripit.
1150 2449 1210 2506 His

203 2553 234 2610 in
258 2560 356 2629 ignem
381 2552 523 2609 coniectis
549 2552 685 2610 flammae
712 2553 772 2609 vim
798 2553 918 2610 transiit.
961 2554 1060 2626 Quem
1085 2563 1117 2610 ut
1141 2554 1209 2612 bar-

204 2660 266 2717 bari
304 2658 472 2716 incendium
512 2658 651 2732 effagisse
689 2657 833 2728 viderunt,
865 2659 930 2716 talis
964 2660 1078 2717 eminus
1114 2665 1210 2718 missis

203 2764 419 2823 interfacarunt
444 2773 592 2837 caputque
617 2764 679 2821 aius
703 2763 742 2820 ad
771 2764 992 2822 Pharnabazum
1022 2765 1208 2823 rettularunt.

203 2874 242 2929 At
269 2871 382 2940 mulier,
411 2888 486 2943 quae
516 2887 584 2926 cum
612 2873 649 2925 ea
676 2875 773 2926 vivere
801 2873 965 2940 cansuarat,
993 2870 1128 2928 muliebri
1154 2878 1210 2929 sua

153 3003 179 3050 ²5
203 2989 284 3035 veste
321 2980 493 3034 contactum
531 2974 659 3032 aedificii
693 2974 832 3032 incendia
870 2985 1018 3031 mortuum
1053 2977 1207 3047 cremavit,

203 3082 285 3156 quod
309 3081 348 3138 ad
373 3087 468 3138 vivum
494 3078 724 3137 interimendum
749 3089 811 3136 erat
832 3085 1045 3153 comparatum.
1088 3081 1137 3139 Sic
1157 3082 1208 3138 Al-

203 3186 335 3246 cibiadas
369 3190 462 3242 annos
496 3185 613 3242 circiter
649 3183 842 3259 quadraginta
883 3190 967 3243 natus
1009 3184 1091 3243 diem
1133 3185 1209 3243 obiit

203 3298 382 3369 supremum.

241 3401 295 3457 XI.
326 3400 416 3455 Hunc
441 3397 618 3454 infamatum
644 3401 662 3451 a
686 3396 830 3470 plarisque
853 3401 910 3454 tras
931 3396 1094 3471 gravissimi
1115 3396 1208 3455 histo-

152 3534 180 3580 30
201 3505 254 3563 rici
284 3509 405 3562 summis
437 3503 571 3561 laudibus
603 3502 785 3559 extulerunt:
821 3503 1022 3574 Thacydidas,
1051 3509 1103 3576 qui
1130 3503 1208 3561 aius·

203 3610 272 3668 dem
302 3609 407 3667 aetatis
435 3609 497 3680 suit,
525 3609 750 3684 Theopompus,
780 3619 847 3683 post
875 3610 1025 3682 aliquanto
1053 3615 1147 3679 natus,
1178 3619 1209 3666 et

201 3719 359 3788 ‘limaeus3
395 3721 445 3789 qui
476 3714 597 3789 quidem
630 3715 690 3773 duo
719 3714 988 3772 maledicentissimi
1016 3716 1118 3773 nascio
1146 3719 1208 3788 qua
