2574 4146
437 278 607 328 CORNELII
630 277 779 328 NEPOTIS
803 276 911 324 VITAE
1130 277 1206 341 [vm.

195 454 256 507 nen
285 447 381 506 minus
409 464 498 521 quam
527 445 711 523 diligebatur,
740 453 779 506 ne
808 448 938 507 secunda
968 449 1092 507 fortuna
1123 455 1206 526 mig-

195 560 299 628 nisque
328 553 434 628 opibus
462 552 555 610 elaitus
584 552 770 628 tyrannidem
798 560 1032 628 concupisceret.
1087 555 1207 629 Quibus

197 659 284 718 rebus
313 660 423 717 lactum
451 668 496 717 est
523 667 556 717 ut
583 658 698 717 absenti
729 659 929 734 magistratum
961 659 1140 736 abrogarent
1175 673 1207 720 et

197 764 287 822 alium
310 765 341 822 in
366 765 427 823 eius
452 764 552 822 locum
577 765 792 823 substituerent.

163 891 175 942 5
240 869 277 928 Id
300 871 348 928 ille
373 881 406 929 ut
429 869 550 943 audivit,
571 870 695 929 domum
719 877 823 928 reverti
849 872 942 929 noluit
967 877 1051 930 etse
1073 874 1207 948 Pactyen

198 977 323 1035 contulit
347 977 446 1051 ibique
472 977 527 1034 tria
551 976 671 1034 castella
695 977 879 1048 communiit,
902 977 1008 1048 Ornos,
1031 979 1206 1051 Bizanthen,

199 1083 392 1153 Neontichos,
421 1088 569 1157 manrique
601 1082 737 1139 conlecte
768 1088 878 1156 primus
910 1084 1043 1142 Graecae
1078 1085 1206 1142 civitetis

197 1189 228 1247 in
257 1189 433 1246 Thraeciam
468 1188 589 1260 introiit,
617 1188 771 1262 gleriesius
808 1189 976 1247 existimans
1009 1189 1206 1248 barbarerum

198 1294 310 1370 praede
333 1295 505 1369 locupleteri
529 1312 618 1368 quam
644 1294 809 1353 Greierum.
852 1294 921 1368 Que
948 1312 985 1352 ex
1013 1299 1044 1353 re
1069 1300 1206 1354 creverat

150 1429 177 1460 ιο
198 1418 266 1457 cum
294 1400 378 1458 fame
405 1410 468 1458 tum
494 1401 610 1475 opibus,
636 1406 832 1476 megnamque
860 1400 1020 1457 amicitiam
1048 1400 1104 1459 sibi
1133 1420 1205 1459 cum

198 1506 375 1580 quibusdam
397 1506 514 1581 regibus
534 1506 696 1564 Thraeciae
718 1516 883 1581 pepererat.

238 1613 326 1670 VIII.
356 1613 462 1686 Neque
484 1623 584 1670 tamen
605 1618 623 1669 e
643 1611 764 1669 ceritete
788 1613 901 1686 patriae
929 1611 1025 1687 potuit
1049 1611 1206 1673 recedere.

198 1719 277 1777 Nam
305 1736 374 1775 cnm
401 1716 481 1793 apud
511 1720 609 1792 Aegos
640 1717 749 1774 flumen
780 1717 935 1790 Philocles,
963 1728 1083 1792 praetor
1111 1719 1205 1778 Athe-

197 1824 351 1896 niensium,
374 1824 498 1881 classem
519 1823 719 1882 censtituisset
740 1841 823 1880 suam
848 1842 945 1898 neque
969 1824 1057 1898 longe
1084 1825 1207 1884 abesset

149 1953 174 2000 ις
199 1906 357 2004 Lysander,
375 1939 493 2004 praetor
514 1928 829 2000 Lacedaemoniorum,
847 1936 897 2003 qui
917 1929 949 1986 in
969 1935 1006 1987 eo
1028 1939 1089 1988 erat
1111 1949 1205 1990 occu-

198 2042 282 2109 patus
317 2045 349 2092 ut
382 2034 490 2092 bellum
526 2052 615 2108 quam
650 2034 814 2092 diutissime
849 2035 981 2107 deiceret,
1012 2034 1095 2109 quod
1130 2035 1206 2111 ipsis

197 2140 324 2215 pecnnia
348 2145 366 2198 e
389 2145 458 2215 rege
487 2140 739 2215 suppeditabatur,
764 2146 868 2198 contre
894 2140 1124 2200 Atheniensibus
1151 2160 1205 2200 ex-

198 2246 307 2304 haustis
331 2254 449 2320 praeter
473 2263 555 2303 arma
576 2255 606 2303 et
626 2250 715 2304 neves
735 2245 808 2303 nihil
829 2255 892 2305 erat
912 2265 1009 2322 super,
1031 2246 1207 2307 Alcibiades

196 2350 237 2409 ad
261 2351 423 2410 exercitum
447 2351 527 2409 venit
550 2350 774 2409 Atheniensium
801 2351 902 2426 ibique
929 2362 1084 2425 praesente
1112 2353 1206 2429 vulger

146 2485 175 2517 20
197 2476 284 2534 agere
311 2457 430 2531 coepit:
466 2463 490 2514 si
512 2457 631 2529 vellent,
653 2461 684 2515 se
709 2462 881 2515 coaictirrum
906 2456 1089 2540 Lysandrum
1114 2458 1205 2518 dimi-

197 2569 265 2621 cere
289 2572 340 2620 aut
364 2567 469 2637 pecem
498 2571 600 2637 petere
612 2583 621 2635 ;
654 2563 908 2627 Lacedaemonies
936 2569 974 2621 ee
1000 2562 1079 2622 nelle
1107 2564 1205 2623 classe

197 2668 366 2744 cenfligere,
394 2666 476 2743 quod
510 2667 695 2743 pedestribus
728 2669 821 2744 cepiis
856 2668 921 2744 ph‘rs
955 2686 1044 2743 quam
1078 2669 1205 2729 nivibus

197 2775 327 2834 valerent
338 2795 347 2848 ;
379 2774 435 2833 sibi
459 2783 558 2833 autem
583 2793 647 2832 esse
672 2774 758 2832 facile
783 2774 935 2846 Seuthem,
960 2779 1062 2849 regem
1089 2775 1203 2834 Thrae·

197 2901 275 2952 cum,
297 2881 448 2940 addiicere
469 2891 502 2939 ut
523 2899 591 2939 eum
613 2886 689 2939 terre
709 2880 872 2955 depelleret
883 2901 891 2953 ς
917 2886 976 2955 que
998 2880 1077 2938 facte
1097 2898 1204 2940 neces-

147 3017 173 3062 25
197 2988 273 3045 sario
301 2997 352 3045 aut
379 2987 471 3045 classe
503 2986 708 3045 cenflictt'rrum
740 2996 791 3044 aut
817 2986 928 3045 bellum
956 2986 1202 3061 compositurum.

199 3094 235 3152 ld
277 3101 331 3152 etsi
368 3098 436 3151 vere
471 3092 585 3150 dictum
621 3091 767 3150 Philocles
801 3090 1064 3163 animadvertebat,
1100 3102 1203 3151 tamen

198 3200 345 3274 postuleta
385 3199 483 3256 facere
524 3198 627 3269 noluit,
669 3197 751 3272 quod
792 3197 937 3255 sentiebat
977 3201 1010 3255 se
1047 3197 1203 3258 Alcibiade

198 3310 320 3379 recepte
348 3303 452 3362 nirllius
480 3309 624 3362 mementi
651 3301 731 3378 apud
759 3302 922 3361 exercitum
950 3302 1079 3360 sutirum
1109 3312 1150 3376 et,
1180 3311 1204 3362 si

197 3410 271 3486 quid
304 3409 427 3468 secundi
461 3408 615 3480 evenisset,
644 3409 754 3467 niallam
787 3409 818 3466 in
841 3414 890 3466 -ee
917 3413 948 3466 re
976 3426 1059 3466 suam
1087 3420 1202 3484 partem

146 3547 175 3592 30
197 3516 269 3588 fore,
291 3520 395 3574 contre
419 3533 463 3587 ea,
485 3521 510 3573 si
533 3515 605 3590 quid
633 3514 749 3574 adversi
776 3513 942 3586 accidisset,
964 3519 996 3572 se
1019 3519 1112 3574 smum
1141 3516 1203 3574 eius

198 3622 298 3680 delicti
330 3620 459 3679 hrterum
499 3639 593 3680 reum.
647 3619 695 3680 Ab
735 3621 793 3679 hec
835 3619 993 3679 discedens
1032 3619 1203 3682 Alcibiades

197 3726 405 3803 “Quoniam''
421 3726 525 3806 inquit,
540 3727 709 3788 “victoriae
734 3727 846 3802 patriae
872 3733 1026 3806 repigneS,
1042 3727 1114 3788 illud
1139 3747 1202 3791 mo·
