2574 4146
106 233 239 315 V¹¹1.]
597 249 791 300 suasimus
1179 245 1217 322 85

112 403 368 481 abstinentiae.
434 424 480 481 Sic
512 423 591 480 enim
624 433 686 480 erat
719 428 869 495 instricta,
898 434 929 481 ut
960 424 990 481 in
1024 425 1104 483 nulla
1138 430 1170 484 re

118 507 292 588 differret
314 535 332 587 a
353 530 478 587 caiusvis
499 529 596 603 inopis
619 538 708 603 atque
729 534 840 603 privati.
919 586 930 611 x

190 631 290 708 VIII.
321 638 419 710 Atque
448 634 495 691 hic
523 644 620 692 tantus
648 635 692 692 vir
719 645 750 693 ut
778 641 912 693 natiuam
942 636 1093 694 fautricem
1117 638 1168 695 ha-

124 721 265 799 buerat
287 741 320 798 in
342 741 504 798 tribuendis
526 739 616 797 animi
636 740 799 812 virtatibus,
814 747 856 799 sic
879 742 1043 798 maleficam
1065 754 1169 802 nactus

129 850 202 903 est
229 848 261 904 in
291 864 418 920 corpore
447 846 606 920 fingend65
638 864 706 903 nam
736 856 765 903 et
794 851 904 904 statera
932 847 984 904 luit
1012 849 1115 907 humili
1140 860 1169 908 et
1193 873 1203 919 5

138 959 286 1028 corpore
313 953 420 1027 exigue
446 961 475 1009 et
499 951 621 1009 claudus
647 951 738 1010 altera
763 952 851 1026 pede.
894 953 979 1026 Quae
1004 959 1050 1012 res
1078 956 1168 1013 etiam

143 1058 333 1116 nbnnullam
362 1058 515 1117 adferebat
547 1057 780 1129 defermitatem,
808 1069 897 1135 atque
931 1065 1031 1135 ignati,
1061 1062 1166 1119 faciem

153 1159 219 1222 eius
246 1183 318 1221 curn
344 1165 536 1235 intuerentur,
562 1166 813 1236 contemnebant;
845 1171 896 1239 qui
920 1177 1018 1223 autem
1047 1168 1167 1226 virtates

160 1273 313 1341 neverant,
345 1275 405 1327 nen
441 1279 580 1344 poterant
617 1268 754 1327 admirari
790 1271 868 1328 satis.
925 1272 1013 1345 Quod
1052 1279 1078 1330 ei
1113 1279 1167 1332 usit

165 1377 247 1447 venit,
271 1394 342 1433 cum
367 1380 511 1433 annerum
537 1375 688 1450 octaginta
714 1375 845 1434 subsidia
870 1377 973 1435 'sache
998 1379 1029 1435 in
1053 1381 1168 1454 Aegyp·
1190 1407 1217 1437 10

166 1489 220 1538 tum
252 1469 358 1539 missus
388 1491 466 1539 esset
495 1491 525 1539 et
555 1481 584 1537 in
613 1487 680 1538 acta
708 1499 776 1538 cum
806 1488 863 1540 suis
891 1484 1076 1542 accubuisset
1103 1486 1165 1543 sine

166 1587 217 1645 ille
246 1591 329 1645 tecte
361 1596 528 1661 statumque
560 1586 682 1644 haberet
714 1588 781 1659 tale,
809 1598 842 1646 ut
873 1598 950 1646 terra
980 1594 1059 1647 tecta
1090 1601 1167 1649 esset

166 1698 328 1749 stramentis
356 1710 453 1765 neque
482 1691 540 1748 hac
567 1692 692 1767 amplius
722 1711 810 1766 quam
837 1695 921 1769 pellis
946 1705 1023 1753 esset
1048 1697 1164 1768 iniecta,
1194 1680 1196 1682 .

165 1798 268 1857 eadem
295 1802 356 1872 qua
381 1797 505 1854 comites
530 1802 634 1856 omnes
658 1803 765 1856 vesuta
786 1799 889 1856 humili
909 1810 999 1874 atque
1020 1802 1164 1874 obsoleta,

163 1913 191 1961 ut
214 1908 320 1961 earum
346 1907 465 1960 amatus
490 1907 550 1960 nan
575 1902 667 1961 modo
691 1904 721 1960 in
747 1910 789 1961 eis
814 1909 912 1980 regern
938 1906 1088 1963 neminem
1110 1914 1165 1982 sig·
1190 1931 1214 1977 ¹5

162 2009 302 2079 nificaret,
329 2008 382 2066 sed
411 2008 546 2065 homines
575 2027 638 2066 esse
667 2014 727 2066 nan
755 2010 939 2068 beatissimas
967 2013 1165 2085 suspicianem

162 2115 327 2189 praeberet.
370 2114 467 2171 Haius
495 2113 534 2172 de
559 2113 687 2172 adventa
710 2115 792 2172 fama
817 2134 885 2172 cum
911 2115 949 2172 ad
971 2118 1067 2191 regias
1090 2128 1166 2175 esset

162 2221 280 2293 perlata,
303 2219 439 2277 celeriter
460 2224 582 2308 manera
603 2225 640 2277 ee
661 2221 801 2294 caiusque
827 2222 942 2296 generis
967 2233 1035 2279 sunt
1058 2223 1164 2282 adlata.

163 2327 214 2384 His
235 2326 448 2400 quaerentibus
469 2324 636 2400 Agesilaum
657 2326 705 2382 vix
726 2326 800 2384 fides
821 2327 899 2385 sacta
921 2337 973 2399 est,
988 2333 1079 2386 imum
1101 2348 1164 2387 esse

162 2449 194 2488 ex
214 2439 256 2490 eis
286 2432 337 2505 qui
362 2441 426 2488 tum
450 2432 645 2490 accubabant.
688 2432 747 2504 Qui
774 2451 843 2489 cum
868 2434 943 2508 regis
968 2435 1064 2492 verbis
1088 2453 1164 2510 quae
1187 2461 1214 2492 κο

120 2592 122 2596 ,
162 2538 316 2594 attulerant
345 2535 506 2608 dedissent,
536 2537 583 2594 ille
612 2547 729 2611 praeter
756 2538 906 2596 vitulinam
932 2550 962 2596 et
990 2541 1052 2598 eius
1083 2542 1165 2599 modi

162 2659 265 2716 genera
295 2643 412 2700 obsenii
450 2660 526 2716 quae
554 2647 695 2716 praesens
723 2653 839 2717 tempus
869 2643 1064 2716 desiderabat,
1093 2647 1164 2704 nihil

162 2749 294 2823 accepit,
324 2758 482 2823 unguenta,
513 2753 637 2806 coranas
665 2748 886 2823 secundamque
916 2755 1047 2808 mensam
1076 2760 1164 2810 servis

163 2853 312 2928 dispertiit,
342 2857 443 2910 cetera
471 2855 573 2910 referri
600 2854 690 2912 iussit.
750 2856 819 2928 Qua
848 2856 925 2913 facta
954 2874 1022 2913 eum
1051 2858 1164 2916 barbari

163 2959 250 3034 magis
279 2960 370 3017 etiam
399 2964 651 3033 contempserunt,
675 2959 757 3034 quod
786 2979 854 3018 eum
881 2963 1045 3035 ignerantia
1073 2964 1163 3021 bona·
1187 2992 1213 3038 ²5

164 3081 220 3122 rum
243 3069 342 3122 rerum
364 3065 431 3121 vilia
453 3065 639 3139 potissimum
660 3066 818 3139 sumpsisse
841 3067 1061 3126 arbitrabantur.

198 3172 258 3227 Hic
281 3188 350 3226 cum
373 3189 410 3227 ex
430 3171 567 3244 Aegypte
590 3176 792 3242 reverteretur,
808 3171 934 3229 danatus
956 3178 973 3230 a
993 3178 1061 3247 rege
1084 3176 1162 3231 Nec-

164 3275 298 3334 tanabide
320 3274 456 3332 ducentis
477 3276 579 3350 viginti
601 3277 726 3348 talentis,
748 3296 823 3351 quae
846 3278 893 3335 ille
915 3284 1028 3336 maneri
1051 3280 1163 3354 popule

165 3386 211 3436 sua
238 3380 333 3452 daret,
362 3381 548 3454 venissetque
576 3381 606 3438 in
634 3393 762 3457 portum,
792 3389 842 3457 qui
873 3385 1002 3440 Menelai
1032 3390 1162 3456 vocatur,

165 3482 257 3544 iacens
283 3487 361 3543 inter
384 3487 512 3561 Cyrenas
538 3497 568 3544 et
591 3490 769 3562 Aegyptum,
792 3489 821 3545 in
847 3490 981 3547 morbum
1005 3491 1163 3564 implicitus
1186 3521 1214 3565 30

166 3589 295 3650 decessit.
349 3592 395 3651 Ibi
424 3611 492 3650 eum
520 3600 616 3665 amici,
644 3599 705 3668 que
734 3596 867 3669 Spartam
896 3596 1006 3653 facilius
1035 3597 1162 3670 perferre

167 3708 289 3770 possent,
316 3699 399 3772 quod
436 3699 494 3756 mel
516 3687 588 3757 ¹nan
621 3700 777 3770 habebant,
806 3705 875 3758 cera
906 3702 1162 3759 circumsederunt

169 3810 246 3876 atque
269 3804 309 3861 ita
329 3804 451 3861 domum
475 3806 655 3878 rettulerunt.
