2574 4146
110 115 189 180 ιιι]
573 111 761 160 HANNIBAL
1130 118 1190 180 109
1208 146 1210 152 .

113 273 322 342 proficiscens
351 267 528 343 Carthagine
559 269 623 326 Iovi
650 267 766 343 optimi>
795 268 924 325 maximi)
950 267 1060 324 hostiis
1083 266 1136 323 im-

118 378 262 436 molavit.
306 376 390 449 Quae
416 372 512 430 divina
536 378 582 431 res
607 371 679 430 dum
706 373 926 444 ctinficiebatur,
950 372 1093 447 quaesivit
1121 378 1139 429 a

118 483 180 535 nri
200 477 348 536 vellemne
370 482 470 536 secum
495 479 525 535 in
549 488 645 535 castra
665 479 821 553 proficisci.
865 477 902 536 Id
923 497 992 534 cum
1013 479 1138 535 libenter

119 584 315 658 accepissem
344 593 433 657 atque
461 584 499 642 ab
527 589 564 641 εἴ)
592 594 694 659 petere
723 584 888 659 coepissem
920 589 959 641 ne
990 582 1138 641 dubitaret

121 689 252 761 ducere,
278 700 342 748 turn
370 689 428 761 ille,
450 690 608 761 ‘Faciam’
630 690 734 765 inquit,
760 693 801 747 ‘si
830 690 901 747 mihi
929 690 1021 748 fidem
1049 708 1138 764 quarn
1162 711 1173 758 5

123 795 249 870 postuld
271 793 410 852 dederis.’
452 795 542 853 Simul
565 799 613 853 me
634 793 773 854 adaram
795 795 928 867 adduxit,
947 795 1028 870 apud
1048 813 1138 869 quam

125 901 297 958 sacrificare
331 900 505 971 instituerat,
535 918 661 974 eamque
692 906 797 959 ceteris
829 906 950 960 remdtis
986 910 1137 958 tenentem

127 1007 225 1064 iurare
248 1006 331 1064 iussit
352 1024 515 1081 numquam
537 1011 585 1064 me*
608 1007 637 1064 in
659 1008 790 1065 amicitiai
810 1026 878 1065 curn
901 1009 1044 1066 Rumanis
1065 1008 1137 1064 sore.

131 1111 168 1170 Id
193 1130 251 1187 ego
276 1110 477 1169 iusiurandum
502 1119 577 1186 patri
602 1112 704 1170 datum
728 1131 820 1187 usque
846 1114 885 1171 ad
912 1113 987 1170 hanc
1008 1118 1138 1171 aetatem

131 1217 172 1275 ita
192 1222 373 1289 crinservavi,
389 1227 421 1274 ut
441 1219 552 1275 nimini
573 1217 696 1277 dubium
717 1237 781 1276 esse
801 1219 919 1290 debeat,
935 1226 1006 1294 quin
1025 1219 1138 1294 reliqui>
1162 1243 1189 1274 ιο

132 1332 269 1398 ternpore
302 1321 409 1380 eadem
442 1333 540 1381 mente
572 1324 628 1381 sim
662 1324 783 1382 futurus.
840 1326 907 1399 Qua
941 1329 972 1382 re
1007 1331 1030 1382 si
1064 1324 1137 1399 quid

133 1433 227 1486 amice
253 1428 292 1486 de
317 1429 459 1486 Rimanis
484 1430 635 1504 edgitabis,
660 1435 720 1487 min
745 1430 950 1506 imprudenter
974 1431 1092 1499 feceris,
1114 1437 1138 1487 si

133 1539 180 1591 me
205 1534 330 1605 celari33
358 1553 426 1591 cum
450 1534 571 1608 quidem
596 1535 705 1594 bellurn
733 1537 859 1610 parabis,
882 1541 911 1594 te'
940 1537 1036 1610 ipsum
1065 1537 1136 1594 fnis-

135 1640 263 1710 traberiS,
285 1646 309 1697 si
330 1645 390 1698 nim
412 1644 459 1697 me
481 1640 511 1697 in
532 1647 569 1699 ed
590 1642 755 1716 principem
778 1643 939 1717 posueris.''

173 1746 233 1803 ΙΙΙ.
262 1746 331 1802 Hic
356 1746 444 1820 igitur
467 1752 527 1820 qua
550 1745 677 1804 diximus
702 1755 797 1805 aetate
823 1766 892 1804 cum
917 1758 999 1822 patre
1025 1748 1056 1804 in
1081 1749 1135 1805 Hi·
1162 1768 1186 1814 ις

135 1851 266 1926 spaniam
303 1851 452 1926 profectus
488 1861 542 1923 est,
569 1852 652 1909 criius
687 1863 755 1927 post
792 1853 916 1924 obitum,
948 1852 1136 1910 Hasdrubale

135 1956 312 2032 imperattire
342 1957 474 2027 suffecti,
499 1957 641 2031 equitatui
672 1964 753 2015 omni
783 1959 918 2033 praefuit.
961 1960 1032 2016 Hbc
1063 1978 1136 2033 quo-

136 2080 188 2136 que
212 2062 371 2121 interfecti
396 2063 541 2120 exercitus
565 2080 711 2120 summam
734 2064 851 2138 imperii
871 2065 910 2122 ad
932 2083 1001 2122 eum
1022 2065 1136 2122 detulit.

136 2167 169 2225 Id
193 2168 407 2243 Carthaginem
435 2166 565 2225 delatum
594 2156 718 2243 publice
739 2171 966 2244 comprobatum
995 2180 1047 2227 est.
1090 2172 1137 2229 Sic

136 2273 287 2332 Hannibal
310 2274 406 2332 minor
429 2280 559 2348 quinque
584 2284 614 2332 et
638 2274 739 2349 viginti
761 2282 844 2332 annis
869 2282 953 2333 natus
977 2276 1138 2350 imperator
1160 2297 1188 2328 κο

136 2379 227 2437 sactus
258 2379 395 2453 proximi)
426 2379 552 2438 triennii
584 2384 687 2438 omnes
721 2385 824 2455 gentes
860 2381 1023 2456 Hispaniae
1059 2383 1137 2440 belli)
1225 2396 1231 2406 ·

136 2485 257 2560 subegit,
287 2485 458 2559 Saguntum,
486 2484 669 2543 foederatam
700 2486 859 2558 civitatem,
888 2493 917 2544 vi
951 2489 1136 2562 expugnavit,

136 2595 190 2648 tres
222 2590 370 2648 exercitiis
401 2590 544 2648 maiximds
576 2592 768 2667 comparavit.
826 2593 872 2649 Ex
906 2592 950 2650 his
981 2597 1072 2650 imum
1107 2594 1137 2651 in

136 2680 262 2754 diricam
285 2696 373 2768 misit,
387 2696 511 2754 alterum
532 2715 601 2754 cum
623 2697 811 2756 Hasdrubale
833 2698 919 2755 fratre
942 2699 972 2755 in
992 2699 1138 2775 Hispania

136 2801 257 2876 reliquit,
280 2801 399 2859 tertium
421 2802 451 2858 in
477 2788 592 2860 ltaliam
617 2808 717 2861 secum
743 2803 835 2862 drixit.
878 2805 920 2863 Ut
948 2805 1053 2862 saltum
1083 2807 1136 2877 Py-
1160 2827 1186 2875 ²5

136 2912 274 2966 rinaeum
310 2907 432 2978 transiit,
466 2914 651 2984 quacumque
686 2910 744 2966 iter
779 2909 864 2981 iecit,
897 2928 965 2967 curn
1001 2911 1137 2968 omnibus

137 3012 235 3072 incolis
258 3012 390 3070 ccinflixit
400 3033 409 3085 3
438 3014 588 3071 neminem
609 3014 664 3072 nisi
684 3020 793 3072 victum
816 3014 934 3073 dimisit.
976 3015 1024 3074 Ad
1047 3016 1137 3091 Alpes

136 3126 235 3192 postea
255 3138 346 3194 quarn
366 3120 456 3191 venit,
479 3125 536 3193 qui
558 3105 673 3175 ltaliam
689 3120 727 3178 ab
752 3121 848 3179 Gallia
875 3121 1040 3196 seiungunt,
1065 3127 1138 3196 quas

138 3226 221 3280 nimi)
247 3239 389 3297 umquam
411 3241 480 3281 cum
502 3224 633 3282 exercitii
654 3235 723 3283 ante
744 3243 813 3282 eum
834 3237 952 3300 praeter
974 3228 1137 3286 Herculem

139 3327 256 3387 Graium
280 3328 549 3404 trinsierat-quti
575 3330 653 3389 factd
678 3332 702 3388 is
725 3331 816 3390 hodie
842 3332 931 3391 saltus
956 3334 1060 3392 Graius
1085 3352 1135 3408 ap·
1159 3361 1187 3405 30

140 3434 257 3506 pellatur
270 3468 313 3477 —
326 3434 446 3510 Alpictis
481 3440 623 3494 cinantes
655 3437 812 3510 prohibere
844 3439 966 3497 transitu
996 3439 1136 3511 concidit,

141 3536 199 3598 loca
233 3540 394 3619 patefecit,
422 3540 526 3600 itinera
557 3541 670 3615 muniit,
700 3542 802 3603 effecit
832 3554 865 3602 ut
896 3549 931 3602 ea
964 3544 1149 3620 elephantus·
