2574 4146
457 714 514 770 111.
543 699 766 771 Amsrioes.

151 894 173 950 Ι.
201 890 355 962 Aristides,
378 891 546 965 Lysimachi
566 890 657 962 filius,
680 890 877 961 Atheniensis,
899 889 1029 964 aequalis
1052 889 1112 947 sere

116 997 162 1055 luit
185 997 380 1055 Themistocli
405 1007 494 1071 atque
520 1016 588 1053 cum
614 1002 651 1053 ee
676 995 715 1053 de
744 996 909 1070 principata
938 995 1093 1053 contendit
1104 1017 1111 1067 ;

115 1120 237 1178 namque
267 1103 468 1161 obtrectarunt
496 1103 572 1159 inter
600 1107 638 1159 se.
684 1103 719 1158 ln
748 1102 792 1159 his
827 1110 926 1158 autern
961 1101 1112 1175 cognitum

113 1219 160 1280 est,
180 1212 294 1282 quante
315 1207 468 1264 antistaret
489 1207 658 1281 eloquentia
683 1207 878 1264 innocentiae.
923 1207 1113 1281 Quamquam

113 1313 187 1369 enim
211 1312 290 1370 adee
313 1312 477 1370 excellebat
504 1312 646 1370 Aristides
676 1313 859 1383 abstinentia,
884 1323 915 1370 ut
944 1318 1017 1370 rinus
1046 1324 1113 1386 post
1138 1343 1148 1389 5

113 1418 264 1475 hominum
289 1418 473 1489 memoriam,
494 1436 584 1492 quem
610 1418 732 1491 quidem
758 1424 812 1475 nes
834 1418 1022 1489 audierimus,
1044 1424 1112 1493 eeg-

112 1524 229 1581 ndmine
246 1526 342 1582 Iristus
367 1523 404 1581 sit
429 1523 602 1598 appellatus,
625 1534 723 1581 tamen
749 1529 767 1581 a
788 1523 988 1581 Themistocle
1014 1524 1112 1580 conla-

114 1626 243 1688 befactus
269 1629 374 1714 testula
399 1629 447 1686 illa
472 1629 573 1686 exsilii)
599 1629 706 1687 decem
733 1635 875 1686 annerum
898 1630 1037 1687 multatus
1059 1640 1112 1686 est.

113 1735 169 1808 Qui
196 1735 321 1809 quidem
354 1753 422 1791 curn
451 1735 633 1809 intellegeret
662 1735 781 1809 reprimi
808 1736 988 1792 concitatam
1018 1736 1112 1792 multi-

113 1841 245 1898 tidinem
274 1846 336 1898 nen
359 1859 456 1915 posse,
484 1841 653 1914 cedensque
682 1840 935 1898 animadvertisset
963 1840 1113 1914 quendam
1139 1877 1164 1906 10

113 1948 300 2018 scribentem,
325 1956 356 2003 ut
385 1947 478 2020 patria
506 1947 672 2020 pelleretur,
701 1947 850 2020 quaesisse
879 1947 917 2004 ab
945 1953 982 2004 eo
1009 1945 1115 2004 dicitur

113 2060 167 2126 qna
181 2059 212 2109 re
228 2052 260 2109 id
275 2054 385 2110 faceret
402 2065 452 2109 aut
471 2054 543 2127 quid
571 2051 712 2110 Aristides
734 2052 940 2123 commisisset,
961 2057 1013 2109 crir
1035 2058 1115 2109 tanta

113 2163 209 2231 poena
237 2156 344 2231 dignus
372 2156 538 2215 diceretur.
582 2158 639 2216 Cui
664 2156 712 2215 ille
741 2158 895 2232 respondit
922 2163 953 2215 se
980 2163 1114 2233 ignerare

114 2263 269 2334 Aristiden,
298 2261 352 2320 sed
381 2262 435 2320 sibi
462 2267 524 2319 nen
546 2263 675 2337 placere,
699 2262 781 2337 quod
811 2273 870 2320 tam
897 2263 1006 2338 cupide
1033 2264 1113 2322 labe-

114 2374 204 2426 rasset
226 2377 259 2425 ut
281 2377 398 2442 praeter
420 2373 535 2425 ceteras
554 2369 650 2426 lastus
674 2368 878 2443 appellaretur.
921 2371 983 2426 Hic
1007 2369 1114 2426 decern
1139 2400 1163 2447 ¹5

115 2481 257 2532 annerum
272 2476 433 2550 legitimam
452 2493 581 2550 poenam
602 2481 663 2531 nen
684 2474 812 2548 pertulit.
856 2475 932 2531 Nam
957 2485 1114 2550 postquam

115 2581 225 2638 Xerxes
246 2579 277 2637 in
298 2579 455 2638 Graeciam
475 2578 639 2651 descendit,
655 2584 738 2636 sexte
760 2579 821 2636 fere
842 2586 920 2638 anne
941 2598 1031 2654 quam
1053 2590 1116 2638 erat

116 2686 260 2760 expulsus,
280 2685 382 2760 populi
402 2690 477 2742 scite
496 2685 528 2741 in
548 2685 672 2759 patriam
695 2684 843 2742 restitritus
864 2697 917 2743 est.

154 2793 196 2848 II.
225 2790 361 2849 Interfuit
384 2801 484 2847 autem
507 2795 622 2865 prignae
645 2790 740 2847 navali
762 2790 840 2865 apud
865 2791 1018 2864 Salamina,
1040 2810 1115 2867 quae

117 2897 191 2954 faeta
219 2906 264 2954 est
291 2896 370 2971 prius
398 2914 488 2971 quarn
516 2902 614 2970 poena
643 2896 821 2954 libereretur.
876 2883 963 2955 ldem
999 2908 1118 2973 praetor
1139 2931 1166 2961 20

118 3001 168 3059 init
186 3002 410 3060 Atheniensium
429 3001 509 3076 apud
529 3002 661 3059 Plataeas
682 3002 713 3059 in
731 3002 844 3076 proelia
864 3008 924 3076 que
944 3002 1030 3061 lasus
1050 3004 1115 3061 bar-

118 3107 252 3165 bararum
281 3108 427 3166 exercitus
454 3107 686 3181 Mardoniusque
716 3108 885 3166 interfectus
914 3119 967 3167 est.
1010 3109 1117 3183 Neque

118 3213 195 3272 aliud
220 3223 265 3272 est
288 3212 380 3272 allum
404 3213 490 3271 hirius
514 3213 545 3271 in
566 3218 597 3271 re
619 3213 734 3271 militari
755 3213 873 3272 inlastre
894 3215 1005 3272 factum
1028 3233 1117 3290 quam

119 3319 178 3376 eius
202 3319 320 3394 imperii
340 3319 493 3390 memoria,
514 3318 641 3377 iristitiae
663 3324 732 3377 vero
753 3329 783 3377 et
804 3320 959 3394 aequitatis
980 3331 1010 3378 et
1034 3321 1117 3379 inno·

120 3425 231 3482 centiae
253 3425 355 3496 multa,
377 3425 407 3482 in
428 3431 528 3499 primis
549 3425 630 3500 quod
653 3425 737 3483 baius
758 3426 907 3500 aequitate
929 3426 1040 3484 iactum
1064 3437 1117 3498 est,
1141 3456 1166 3503 ²5

119 3547 186 3587 cum
204 3530 235 3588 in
249 3535 401 3588 commerui
414 3532 507 3588 classe
525 3541 602 3589 esset
616 3531 761 3590 Graeciae
779 3532 865 3589 simul
886 3551 954 3589 cum
976 3535 1119 3591 Pausania

120 3641 226 3712 —que
247 3635 326 3694 duce
350 3635 524 3694 Mardonius
551 3646 613 3694 erat
637 3636 840 3713 fugatus-ut
866 3656 980 3696 summa
1004 3639 1119 3714 imperii

632 3770 661 3825 17
