2574 4146
113 256 202 320 1v,v.]
507 228 777 306 ranursrocius
1122 263 1156 308 rr

114 428 326 486 Themistocles
341 428 511 502 quaerebat,
522 432 561 485 ne
576 427 763 486 multitidine
778 428 986 485 circumiretur.
1029 427 1111 484 Hinc

115 541 164 591 etsi
184 540 247 609 pari
267 533 382 608 proelio
403 533 606 605 discesserant,
622 544 722 591 tamen
743 532 851 591 eedem
873 534 941 591 loce
962 538 1023 590 nen
1044 543 1111 591 sunt

115 645 171 697 ausi
198 644 330 711 manere,
358 637 440 713 quod
476 648 538 696 erat
573 639 736 714 periculum
773 644 821 711 ne,
847 646 871 697 si
898 657 966 714 pars
993 639 1111 696 nivium

115 744 342 803 adversariorum
378 745 532 804 Euboeam
563 751 736 819 superasset,
761 745 883 820 ancipiti
909 757 1113 820 premerentur

114 851 250 924 periculb.
304 851 373 924 Qui)
401 850 511 908 sactum
541 861 584 908 est
612 860 644 908 ut
673 851 711 909 ab
738 850 895 908 Artemisio
924 850 1147 920 discederent5

115 966 141 1014 et
174 955 369 1014 exadversum
404 956 534 1014 Athenas
569 956 650 1031 apud
689 955 834 1014 Salamina
870 956 994 1013 classem
1029 974 1112 1013 suam

115 1063 332 1120 crinstituerent.

151 1169 202 1225 IV.
232 1170 272 1224 At
302 1169 414 1225 Xerxes
447 1166 653 1242 Thermopylis
689 1172 860 1241 expignetis
895 1167 1029 1241 pretinus
1064 1184 1112 1223 ac-

115 1273 198 1331 cessit
225 1277 292 1330 asti'i
319 1271 410 1346 idque
437 1272 522 1330 millis
557 1271 796 1344 defendentibus,
823 1272 983 1330 interfectis
1018 1290 1113 1329 sacer-

116 1379 241 1451 detibus,
262 1383 337 1453 ques
365 1379 395 1435 in
419 1396 486 1435 arce
512 1377 672 1450 invenerat,
698 1377 838 1436 incendii>
862 1378 980 1436 delevit.
1024 1378 1114 1435 Cirius
1139 1407 1165 1437 10

116 1483 231 1542 flamme
259 1484 406 1558 perterriti
429 1483 567 1540 classiirii
590 1501 659 1540 cum
684 1488 803 1541 manere
827 1488 886 1541 nen
914 1483 1057 1541 auderent
1085 1493 1115 1541 et

115 1590 228 1664 plririmi
253 1589 439 1647 hortarentur
459 1599 492 1646 ut
514 1588 621 1646 domes
645 1594 711 1646 sues
734 1588 923 1646 discederent
946 1588 1113 1646 moenibus·

115 1712 169 1769 que
197 1699 230 1752 se
260 1693 464 1764 defenderent,
493 1694 710 1752 Themistocles
738 1699 812 1752 rinus
848 1693 952 1751 restitit
987 1703 1017 1750 et
1051 1694 1113 1751 irni-

114 1804 211 1858 versbs
253 1804 340 1874 pares
382 1817 445 1857 esse
487 1817 575 1874 posse
617 1800 723 1870 eiebat,
766 1799 913 1874 disperses
955 1799 1117 1857 testabatur

113 1906 267 1982 perituros,
304 1904 393 1980 idque
429 1904 598 1980 Eurybiadi
627 1909 688 1979 regi
723 1904 1037 1976 Lacedaemonierum,
1066 1910 1117 1979 qui
1140 1929 1165 1976 ις

113 2021 174 2070 tum
203 2028 339 2070 summae
366 2010 482 2084 imperii
509 2020 653 2084 praeerat,
682 2011 744 2068 fore
773 2009 963 2068 adfirmaibat.
1016 2010 1115 2084 Quem

113 2136 179 2175 cum
210 2117 308 2174 minus
336 2134 425 2191 quam
453 2116 541 2173 vellet
571 2120 712 2187 moveret,
740 2121 831 2173 noctir
866 2114 906 2172 de
942 2122 1030 2173 servis
1059 2121 1116 2173 suis

112 2241 201 2297 quem
224 2223 328 2280 habuit
348 2221 552 2280 fidelissimum
573 2220 610 2279 ad
633 2226 733 2296 regem
756 2221 842 2293 misit,
864 2231 897 2278 ut
918 2228 946 2278 ei
970 2221 1117 2279 nuntiaret

113 2335 170 2386 suis
197 2328 304 2398 verbiS,
330 2327 510 2385 adverseries
538 2327 600 2384 eius
625 2326 656 2383 in
680 2327 748 2402 fuge
772 2344 854 2384 esse:
885 2332 935 2401 qui
959 2333 982 2384 si
1006 2325 1115 2385 disces-

113 2434 228 2505 sissent,
265 2433 374 2491 meiere
413 2451 482 2490 cum
523 2433 623 2490 labere
665 2441 695 2489 et
737 2433 939 2507 longinquiore
982 2442 1116 2507 tempore
1139 2461 1168 2494 ιο

113 2541 223 2598 bellum
253 2539 465 2611 confecturum,
494 2557 562 2596 curn
591 2537 719 2613 singultis
747 2543 911 2602 ,consectari
943 2531 1115 2613 erigeretur,

113 2652 187 2721 ques
210 2651 235 2703 si
258 2645 357 2703 statim
380 2644 595 2719 aggrederetur,
619 2644 701 2703 brevi
722 2645 873 2702 finiverses
898 2650 1115 2719 oppressurum.

115 2753 184 2810 Hec
218 2755 256 2809 eo
287 2750 412 2822 valebat,
441 2760 473 2807 ut
508 2750 637 2825 ingratiis
672 2749 710 2807 ad
746 2750 977 2824 deprignandum
1013 2755 1117 2809 omnes

114 2862 298 2932 cogerentur.
352 2857 420 2912 Hic
448 2860 479 2912 re
508 2855 608 2912 audite
632 2855 781 2927 barbarus,
809 2856 880 2913 nihil
908 2855 969 2913 doli
997 2856 1116 2915 subesse

114 2963 246 3033 credens,
276 2962 419 3037 postridie
448 2961 625 3019 alienissimi)
653 2961 709 3020 sibi
741 2962 818 3033 loce,
846 2968 950 3020 contre
979 2968 1117 3037 opportu·
1140 2990 1166 3036 25

113 3069 235 3126 nissimo
270 3067 413 3138 hostibus,
441 3067 518 3125 adee
553 3072 677 3141 angusto
713 3073 786 3123 mari
820 3067 960 3138 cenflixit,
987 3077 1019 3123 ut
1054 3069 1116 3125 eius

114 3172 272 3231 multitude
294 3173 412 3230 nivium
434 3172 573 3246 expliceri
594 3177 655 3229 nen
676 3172 813 3246 potuerit.
855 3173 957 3229 Victus
979 3178 1049 3246 erge
1073 3185 1117 3229 est

114 3280 206 3354 magis
228 3278 319 3336 etiam
340 3278 463 3336 censilio
483 3277 677 3335 Themistocli
697 3296 786 3352 quam
809 3283 895 3334 armis
918 3278 1068 3336 Graeciae.

152 3386 188 3443 V.
218 3386 280 3442 Hic
309 3391 364 3442 etsi
388 3384 463 3442 male
492 3401 554 3441 rem
579 3393 717 3460 gesserat,
744 3393 845 3442 tamen
868 3389 963 3442 tantais
988 3384 1117 3442 habebat

116 3487 251 3560 reliquiis
283 3488 444 3561 cepiarum,
474 3498 506 3545 ut
538 3489 627 3545 etiam
656 3498 718 3545 tum
747 3495 788 3545 eis
813 3489 982 3564 opprimere
1018 3500 1118 3564 posset
1140 3521 1168 3565 3⁰

115 3594 223 3653 hostes.
277 3595 388 3652 Iterum
423 3594 461 3652 ab
496 3594 605 3652 eedem
639 3595 731 3670 gradu
762 3594 901 3670 depulsus
928 3604 985 3653 est.
1038 3596 1117 3653 Nam

114 3699 339 3772 Themistocles,
367 3703 471 3759 verens
505 3704 543 3760 ue
578 3699 686 3761 bellete
721 3705 930 3778 persevereret,
959 3700 1118 3761 certierem
