<?xml version="1.0" encoding="UTF-8"?>
<!DOCTYPE html PUBLIC "-//W3C//DTD XHTML 1.0 Transitional//EN"
    "http://www.w3.org/TR/xhtml1/DTD/xhtml1-transitional.dtd">
<html xmlns="http://www.w3.org/1999/xhtml" xml:lang="en" lang="en">
 <head>
  <title>
</title>
<meta http-equiv="Content-Type" content="text/html;charset=utf-8" />
  <meta name='ocr-system' content='tesseract 3.04.00' />
  <meta name='ocr-capabilities' content='ocr_page ocr_carea ocr_par ocr_line ocrx_word'/>
</head>
<body>
  <div class='ocr_page' id='page_1' title='image "./corneliinepotis02nepogoog_0156.png"; bbox 0 0 2574 4146; ppageno 0'>
   <div class='ocr_carea' id='block_1_1' title="bbox 510 691 822 754">
    <p class='ocr_par' dir='ltr' id='par_1_1' title="bbox 510 691 822 754">
     <span class='ocr_line' id='line_1_1' title="bbox 510 691 822 754; baseline -0.003 -1"><span class='ocrx_word' id='word_1_1' title='bbox 510 691 602 753; x_wconf 90' lang='lat' dir='ltr'>XXV.</span> <span class='ocrx_word' id='word_1_2' title='bbox 639 691 822 754; x_wconf 74' lang='lat' dir='ltr'>A‘lTICUS.</span> 
     </span>
    </p>
   </div>
   <div class='ocr_carea' id='block_1_2' title="bbox 111 875 1169 2967">
    <p class='ocr_par' dir='ltr' id='par_1_2' title="bbox 165 875 1169 1274">
     <span class='ocr_line' id='line_1_2' title="bbox 207 875 1168 958; baseline 0.003 -21"><span class='ocrx_word' id='word_1_3' title='bbox 207 875 230 936; x_wconf 95' lang='grc' dir='ltr'>Ι.</span> <span class='ocrx_word' id='word_1_4' title='bbox 265 876 301 938; x_wconf 83' lang='lat' dir='ltr'>T.</span> <span class='ocrx_word' id='word_1_5' title='bbox 338 881 519 956; x_wconf 80' lang='lat' dir='ltr'>Pompenius</span> <span class='ocrx_word' id='word_1_6' title='bbox 554 882 675 952; x_wconf 86' lang='lat' dir='ltr'>Atticus,</span> <span class='ocrx_word' id='word_1_7' title='bbox 712 881 751 942; x_wconf 95' lang='lat' dir='ltr'>ab</span> <span class='ocrx_word' id='word_1_8' title='bbox 784 881 895 957; x_wconf 86' lang='lat' dir='ltr'>origine</span> <span class='ocrx_word' id='word_1_9' title='bbox 932 879 1036 940; x_wconf 76' lang='lat' dir='ltr'>tiltime</span> <span class='ocrx_word' id='word_1_10' title='bbox 1071 881 1168 958; x_wconf 88' lang='lat' dir='ltr'><strong>stirpis</strong></span> 
     </span>
     <span class='ocr_line' id='line_1_3' title="bbox 166 986 1169 1063; baseline 0.004 -21"><span class='ocrx_word' id='word_1_11' title='bbox 166 986 319 1043; x_wconf 75' lang='lat' dir='ltr'>Remenae</span> <span class='ocrx_word' id='word_1_12' title='bbox 361 991 525 1061; x_wconf 73' lang='lat' dir='ltr'>generetus,</span> <span class='ocrx_word' id='word_1_13' title='bbox 566 992 712 1063; x_wconf 77' lang='lat' dir='ltr'>perpetue</span> <span class='ocrx_word' id='word_1_14' title='bbox 752 992 770 1045; x_wconf 73' lang='grc' dir='ltr'>Ξ</span> <span class='ocrx_word' id='word_1_15' title='bbox 812 987 971 1046; x_wconf 75' lang='lat' dir='ltr'>meieribus</span> <span class='ocrx_word' id='word_1_16' title='bbox 994 999 1169 1063; x_wconf 81' lang='lat' dir='ltr'>acceptam</span> 
     </span>
     <span class='ocr_line' id='line_1_4' title="bbox 165 1093 1168 1170; baseline 0.003 -21"><span class='ocrx_word' id='word_1_17' title='bbox 165 1102 331 1166; x_wconf 89' lang='lat' dir='ltr'>equestrem</span> <span class='ocrx_word' id='word_1_18' title='bbox 359 1093 486 1151; x_wconf 89' lang='lat' dir='ltr'>obtinuit</span> <span class='ocrx_word' id='word_1_19' title='bbox 512 1093 696 1168; x_wconf 76' lang='lat' dir='ltr'>dignitetem.</span> <span class='ocrx_word' id='word_1_20' title='bbox 746 1095 831 1150; x_wconf 88' lang='lat' dir='ltr'>Patre</span> <span class='ocrx_word' id='word_1_21' title='bbox 858 1098 927 1152; x_wconf 82' lang='lat' dir='ltr'>risus</span> <span class='ocrx_word' id='word_1_22' title='bbox 955 1102 1000 1151; x_wconf 93' lang='lat' dir='ltr'>est</span> <span class='ocrx_word' id='word_1_23' title='bbox 1027 1093 1168 1170; x_wconf 87' lang='lat' dir='ltr'><strong>diligente</strong></span> 
     </span>
     <span class='ocr_line' id='line_1_5' title="bbox 165 1198 1168 1274; baseline 0.003 -19"><span class='ocrx_word' id='word_1_24' title='bbox 165 1208 204 1268; x_wconf 89' lang='lat' dir='ltr'>et,</span> <span class='ocrx_word' id='word_1_25' title='bbox 226 1208 258 1255; x_wconf 92' lang='lat' dir='ltr'>ut</span> <span class='ocrx_word' id='word_1_26' title='bbox 283 1207 345 1255; x_wconf 90' lang='lat' dir='ltr'>turn</span> <span class='ocrx_word' id='word_1_27' title='bbox 374 1208 456 1256; x_wconf 90' lang='lat' dir='ltr'>erant</span> <span class='ocrx_word' id='word_1_28' title='bbox 484 1208 628 1274; x_wconf 88' lang='lat' dir='ltr'>tempora,</span> <span class='ocrx_word' id='word_1_29' title='bbox 651 1200 704 1258; x_wconf 93' lang='lat' dir='ltr'>diti</span> <span class='ocrx_word' id='word_1_30' title='bbox 731 1199 933 1274; x_wconf 82' lang='lat' dir='ltr'>imprimisque</span> <span class='ocrx_word' id='word_1_31' title='bbox 960 1198 1096 1258; x_wconf 78' lang='lat' dir='ltr'>studiese</span> <span class='ocrx_word' id='word_1_32' title='bbox 1125 1201 1168 1258; x_wconf 92' lang='lat' dir='ltr'>lit-</span> 
     </span>
    </p>

    <p class='ocr_par' dir='ltr' id='par_1_3' title="bbox 129 1305 1168 1801">
     <span class='ocr_line' id='line_1_6' title="bbox 129 1305 1167 1380; baseline 0.003 -19"><span class='ocrx_word' id='word_1_33' title='bbox 129 1325 140 1373; x_wconf 84' lang='lat'>5</span> <span class='ocrx_word' id='word_1_34' title='bbox 164 1309 300 1361; x_wconf 74' lang='lat' dir='ltr'>tererum.</span> <span class='ocrx_word' id='word_1_35' title='bbox 344 1305 414 1375; x_wconf 89' lang='lat' dir='ltr'>Hic,</span> <span class='ocrx_word' id='word_1_36' title='bbox 437 1313 525 1378; x_wconf 94' lang='lat' dir='ltr'>prout</span> <span class='ocrx_word' id='word_1_37' title='bbox 552 1305 616 1380; x_wconf 90' lang='lat' dir='ltr'>ipse</span> <span class='ocrx_word' id='word_1_38' title='bbox 644 1305 761 1362; x_wconf 77' lang='lat' dir='ltr'>amebat</span> <span class='ocrx_word' id='word_1_39' title='bbox 789 1305 908 1377; x_wconf 67' lang='lat' dir='ltr'>litteris,</span> <span class='ocrx_word' id='word_1_40' title='bbox 931 1305 1069 1365; x_wconf 91' lang='lat' dir='ltr'>omnibus</span> <span class='ocrx_word' id='word_1_41' title='bbox 1097 1305 1167 1364; x_wconf 91' lang='lat' dir='ltr'>doc·</span> 
     </span>
     <span class='ocr_line' id='line_1_7' title="bbox 164 1409 1167 1486; baseline 0.002 -18"><span class='ocrx_word' id='word_1_42' title='bbox 164 1415 244 1468; x_wconf 87' lang='lat' dir='ltr'>trinis</span> <span class='ocrx_word' id='word_1_43' title='bbox 265 1409 371 1484; x_wconf 88' lang='lat' dir='ltr'>quibus</span> <span class='ocrx_word' id='word_1_44' title='bbox 393 1410 511 1483; x_wconf 92' lang='lat' dir='ltr'>puerilis</span> <span class='ocrx_word' id='word_1_45' title='bbox 533 1416 613 1468; x_wconf 77' lang='lat' dir='ltr'>actis</span> <span class='ocrx_word' id='word_1_46' title='bbox 634 1410 777 1486; x_wconf 89' lang='lat' dir='ltr'>impertiri</span> <span class='ocrx_word' id='word_1_47' title='bbox 798 1410 889 1470; x_wconf 91' lang='lat' dir='ltr'>debet</span> <span class='ocrx_word' id='word_1_48' title='bbox 911 1409 1011 1467; x_wconf 89' lang='lat' dir='ltr'>filium</span> <span class='ocrx_word' id='word_1_49' title='bbox 1033 1411 1167 1470; x_wconf 87' lang='lat' dir='ltr'>erudivit.</span> 
     </span>
     <span class='ocr_line' id='line_1_8' title="bbox 165 1515 1168 1591; baseline 0.001 -18"><span class='ocrx_word' id='word_1_50' title='bbox 165 1517 236 1573; x_wconf 88' lang='lat' dir='ltr'>Erat</span> <span class='ocrx_word' id='word_1_51' title='bbox 264 1525 362 1572; x_wconf 87' lang='lat' dir='ltr'>autern</span> <span class='ocrx_word' id='word_1_52' title='bbox 391 1516 419 1572; x_wconf 89' lang='lat' dir='ltr'>in</span> <span class='ocrx_word' id='word_1_53' title='bbox 449 1521 541 1591; x_wconf 81' lang='lat' dir='ltr'>puero</span> <span class='ocrx_word' id='word_1_54' title='bbox 570 1525 686 1590; x_wconf 90' lang='lat' dir='ltr'>praeter</span> <span class='ocrx_word' id='word_1_55' title='bbox 711 1515 892 1573; x_wconf 81' lang='lat' dir='ltr'>docilitatem</span> <span class='ocrx_word' id='word_1_56' title='bbox 918 1515 1029 1591; x_wconf 87' lang='lat' dir='ltr'>ingenii</span> <span class='ocrx_word' id='word_1_57' title='bbox 1053 1535 1168 1574; x_wconf 89' lang='lat' dir='ltr'>summa</span> 
     </span>
     <span class='ocr_line' id='line_1_9' title="bbox 164 1621 1168 1697; baseline 0.002 -19"><span class='ocrx_word' id='word_1_58' title='bbox 164 1621 289 1678; x_wconf 72' lang='lat' dir='ltr'>suevites</span> <span class='ocrx_word' id='word_1_59' title='bbox 310 1621 368 1678; x_wconf 84' lang='lat' dir='ltr'>oris</span> <span class='ocrx_word' id='word_1_60' title='bbox 389 1632 477 1695; x_wconf 86' lang='lat' dir='ltr'>atque</span> <span class='ocrx_word' id='word_1_61' title='bbox 498 1622 589 1693; x_wconf 78' lang='lat' dir='ltr'>vocis,</span> <span class='ocrx_word' id='word_1_62' title='bbox 610 1631 643 1679; x_wconf 91' lang='lat' dir='ltr'>ut</span> <span class='ocrx_word' id='word_1_63' title='bbox 665 1626 725 1678; x_wconf 76' lang='lat' dir='ltr'>nen</span> <span class='ocrx_word' id='word_1_64' title='bbox 747 1622 840 1678; x_wconf 81' lang='lat' dir='ltr'>selum</span> <span class='ocrx_word' id='word_1_65' title='bbox 862 1621 998 1679; x_wconf 87' lang='lat' dir='ltr'>celeriter</span> <span class='ocrx_word' id='word_1_66' title='bbox 1017 1623 1168 1697; x_wconf 88' lang='lat' dir='ltr'>acciperet</span> 
     </span>
     <span class='ocr_line' id='line_1_10' title="bbox 163 1725 1167 1801; baseline 0.003 -18"><span class='ocrx_word' id='word_1_67' title='bbox 163 1744 240 1800; x_wconf 88' lang='lat' dir='ltr'>quae</span> <span class='ocrx_word' id='word_1_68' title='bbox 278 1727 477 1797; x_wconf 73' lang='lat' dir='ltr'>uidebantur,</span> <span class='ocrx_word' id='word_1_69' title='bbox 514 1725 567 1784; x_wconf 91' lang='lat' dir='ltr'>sed</span> <span class='ocrx_word' id='word_1_70' title='bbox 606 1727 697 1785; x_wconf 90' lang='lat' dir='ltr'>etiam</span> <span class='ocrx_word' id='word_1_71' title='bbox 735 1727 915 1785; x_wconf 91' lang='lat' dir='ltr'>excellenter</span> <span class='ocrx_word' id='word_1_72' title='bbox 956 1729 1167 1801; x_wconf 71' lang='lat' dir='ltr'>prouentiiret.</span> 
     </span>
    </p>

    <p class='ocr_par' dir='ltr' id='par_1_4' title="bbox 115 1833 1169 2015">
     <span class='ocr_line' id='line_1_11' title="bbox 115 1833 1169 1907; baseline 0.001 -17"><span class='ocrx_word' id='word_1_73' title='bbox 115 1859 141 1890; x_wconf 82' lang='grc' dir='ltr'>ιο</span> <span class='ocrx_word' id='word_1_74' title='bbox 164 1833 232 1906; x_wconf 75' lang='lat' dir='ltr'>Que</span> <span class='ocrx_word' id='word_1_75' title='bbox 259 1851 296 1888; x_wconf 91' lang='lat' dir='ltr'>ex</span> <span class='ocrx_word' id='word_1_76' title='bbox 327 1837 357 1890; x_wconf 86' lang='lat' dir='ltr'>re</span> <span class='ocrx_word' id='word_1_77' title='bbox 389 1833 419 1889; x_wconf 94' lang='lat' dir='ltr'>in</span> <span class='ocrx_word' id='word_1_78' title='bbox 450 1833 576 1907; x_wconf 71' lang='lat' dir='ltr'>pueritie</span> <span class='ocrx_word' id='word_1_79' title='bbox 607 1833 715 1892; x_wconf 80' lang='lat' dir='ltr'>nebilis</span> <span class='ocrx_word' id='word_1_80' title='bbox 746 1833 822 1890; x_wconf 92' lang='lat' dir='ltr'>inter</span> <span class='ocrx_word' id='word_1_81' title='bbox 852 1833 990 1907; x_wconf 68' lang='lat' dir='ltr'>aequiles</span> <span class='ocrx_word' id='word_1_82' title='bbox 1022 1833 1169 1893; x_wconf 73' lang='lat' dir='ltr'>ferebetur</span> 
     </span>
     <span class='ocr_line' id='line_1_12' title="bbox 164 1938 1168 2015; baseline 0.001 -20"><span class='ocrx_word' id='word_1_83' title='bbox 164 1938 326 2012; x_wconf 73' lang='lat' dir='ltr'>cleriusque</span> <span class='ocrx_word' id='word_1_84' title='bbox 365 1939 629 2013; x_wconf 85' lang='lat' dir='ltr'>exsplendescebat</span> <span class='ocrx_word' id='word_1_85' title='bbox 671 1957 760 2013; x_wconf 91' lang='lat' dir='ltr'>quam</span> <span class='ocrx_word' id='word_1_86' title='bbox 799 1943 936 2014; x_wconf 81' lang='lat' dir='ltr'>generesi</span> <span class='ocrx_word' id='word_1_87' title='bbox 972 1938 1168 2015; x_wconf 83' lang='lat' dir='ltr'>condiscipuli</span> 
     </span>
    </p>

    <p class='ocr_par' dir='ltr' id='par_1_5' title="bbox 111 2043 1166 2330">
     <span class='ocr_line' id='line_1_13' title="bbox 111 2043 1165 2119; baseline 0.001 -18"><span class='ocrx_word' id='word_1_88' title='bbox 111 2043 113 2047; x_wconf 78' lang='grc'><strong>’</strong></span> <span class='ocrx_word' id='word_1_89' title='bbox 164 2044 263 2101; x_wconf 76' lang='lat' dir='ltr'>anime</span> <span class='ocrx_word' id='word_1_90' title='bbox 292 2050 387 2119; x_wconf 83' lang='lat' dir='ltr'>aequo</span> <span class='ocrx_word' id='word_1_91' title='bbox 412 2045 488 2102; x_wconf 86' lang='lat' dir='ltr'>serre</span> <span class='ocrx_word' id='word_1_92' title='bbox 513 2055 643 2119; x_wconf 90' lang='lat' dir='ltr'>possent.</span> <span class='ocrx_word' id='word_1_93' title='bbox 687 2046 791 2119; x_wconf 88' lang='lat' dir='ltr'>Itaque</span> <span class='ocrx_word' id='word_1_94' title='bbox 816 2044 958 2103; x_wconf 76' lang='lat' dir='ltr'>incitebat</span> <span class='ocrx_word' id='word_1_95' title='bbox 982 2049 1087 2102; x_wconf 90' lang='lat' dir='ltr'>omnes</span> <span class='ocrx_word' id='word_1_96' title='bbox 1108 2055 1165 2103; x_wconf 90' lang='lat' dir='ltr'>stu·</span> 
     </span>
     <span class='ocr_line' id='line_1_14' title="bbox 164 2149 1166 2233; baseline 0.001 -26"><span class='ocrx_word' id='word_1_97' title='bbox 164 2150 215 2207; x_wconf 80' lang='lat' dir='ltr'>dio</span> <span class='ocrx_word' id='word_1_98' title='bbox 239 2154 303 2233; x_wconf 46' lang='lat' dir='ltr'>sue?</span> <span class='ocrx_word' id='word_1_99' title='bbox 324 2156 384 2224; x_wconf 79' lang='lat' dir='ltr'>que</span> <span class='ocrx_word' id='word_1_100' title='bbox 409 2151 439 2207; x_wconf 92' lang='lat' dir='ltr'>in</span> <span class='ocrx_word' id='word_1_101' title='bbox 460 2155 584 2208; x_wconf 80' lang='lat' dir='ltr'>numere</span> <span class='ocrx_word' id='word_1_102' title='bbox 606 2151 722 2208; x_wconf 87' lang='lat' dir='ltr'>fuemnt</span> <span class='ocrx_word' id='word_1_103' title='bbox 743 2151 776 2208; x_wconf 92' lang='lat' dir='ltr'>L.</span> <span class='ocrx_word' id='word_1_104' title='bbox 798 2151 974 2224; x_wconf 77' lang='lat' dir='ltr'>Torquetus,</span> <span class='ocrx_word' id='word_1_105' title='bbox 997 2149 1032 2207; x_wconf 92' lang='lat' dir='ltr'>C.</span> <span class='ocrx_word' id='word_1_106' title='bbox 1057 2151 1166 2208; x_wconf 90' lang='lat' dir='ltr'>Marius</span> 
     </span>
     <span class='ocr_line' id='line_1_15' title="bbox 163 2234 1166 2330; baseline 0.002 -18"><span class='ocrx_word' id='word_1_107' title='bbox 163 2255 253 2327; x_wconf 74' lang='lat' dir='ltr'>siliuS,</span> <span class='ocrx_word' id='word_1_108' title='bbox 275 2234 318 2313; x_wconf 89' lang='lat' dir='ltr'>M.</span> <span class='ocrx_word' id='word_1_109' title='bbox 340 2256 446 2314; x_wconf 68' lang='lat' dir='ltr'>Cicerei</span> <span class='ocrx_word' id='word_1_110' title='bbox 457 2277 466 2328; x_wconf 78' lang='lat'><em>3</em></span> <span class='ocrx_word' id='word_1_111' title='bbox 494 2261 569 2330; x_wconf 79' lang='lat' dir='ltr'>ques</span> <span class='ocrx_word' id='word_1_112' title='bbox 590 2255 806 2314; x_wconf 77' lang='lat' dir='ltr'>censuettidine</span> <span class='ocrx_word' id='word_1_113' title='bbox 830 2261 883 2313; x_wconf 75' lang='lat' dir='ltr'>sue</span> <span class='ocrx_word' id='word_1_114' title='bbox 907 2261 949 2314; x_wconf 90' lang='lat' dir='ltr'>sic</span> <span class='ocrx_word' id='word_1_115' title='bbox 973 2254 1115 2328; x_wconf 75' lang='lat' dir='ltr'>devinxit,</span> <span class='ocrx_word' id='word_1_116' title='bbox 1135 2266 1166 2314; x_wconf 93' lang='lat' dir='ltr'>ut</span> 
     </span>
    </p>

    <p class='ocr_par' dir='ltr' id='par_1_6' title="bbox 115 2363 779 2437">
     <span class='ocr_line' id='line_1_16' title="bbox 115 2363 779 2437; baseline 0.008 -23"><span class='ocrx_word' id='word_1_117' title='bbox 115 2384 139 2429; x_wconf 74' lang='grc' dir='ltr'>ις</span> <span class='ocrx_word' id='word_1_118' title='bbox 163 2367 252 2420; x_wconf 79' lang='lat' dir='ltr'>neme</span> <span class='ocrx_word' id='word_1_119' title='bbox 265 2368 307 2419; x_wconf 88' lang='lat' dir='ltr'>eis</span> <span class='ocrx_word' id='word_1_120' title='bbox 329 2368 471 2437; x_wconf 77' lang='lat' dir='ltr'>perpetue</span> <span class='ocrx_word' id='word_1_121' title='bbox 491 2368 550 2420; x_wconf 76' lang='lat' dir='ltr'>vite</span> <span class='ocrx_word' id='word_1_122' title='bbox 571 2363 657 2421; x_wconf 84' lang='lat' dir='ltr'>suerit</span> <span class='ocrx_word' id='word_1_123' title='bbox 677 2363 779 2421; x_wconf 73' lang='lat' dir='ltr'>cerior.</span> 
     </span>
    </p>

    <p class='ocr_par' dir='ltr' id='par_1_7' title="bbox 164 2467 1166 2861">
     <span class='ocr_line' id='line_1_17' title="bbox 205 2467 1165 2544; baseline 0.001 -18"><span class='ocrx_word' id='word_1_124' title='bbox 205 2469 245 2526; x_wconf 92' lang='lat' dir='ltr'>II.</span> <span class='ocrx_word' id='word_1_125' title='bbox 275 2470 361 2526; x_wconf 91' lang='lat' dir='ltr'>Pater</span> <span class='ocrx_word' id='word_1_126' title='bbox 389 2473 500 2526; x_wconf 72' lang='lat' dir='ltr'>metere</span> <span class='ocrx_word' id='word_1_127' title='bbox 528 2468 665 2527; x_wconf 77' lang='lat' dir='ltr'>decessit.</span> <span class='ocrx_word' id='word_1_128' title='bbox 715 2470 782 2543; x_wconf 92' lang='lat' dir='ltr'>Ipse</span> <span class='ocrx_word' id='word_1_129' title='bbox 813 2467 1051 2526; x_wconf 88' lang='lat' dir='ltr'>adulescentulus</span> <span class='ocrx_word' id='word_1_130' title='bbox 1079 2486 1165 2544; x_wconf 90' lang='lat' dir='ltr'>prop-</span> 
     </span>
     <span class='ocr_line' id='line_1_18' title="bbox 164 2574 1166 2649; baseline 0.001 -19"><span class='ocrx_word' id='word_1_131' title='bbox 164 2584 209 2632; x_wconf 89' lang='lat' dir='ltr'>ter</span> <span class='ocrx_word' id='word_1_132' title='bbox 229 2574 420 2632; x_wconf 74' lang='lat' dir='ltr'>adfinitetem</span> <span class='ocrx_word' id='word_1_133' title='bbox 443 2576 474 2631; x_wconf 93' lang='lat' dir='ltr'>P.</span> <span class='ocrx_word' id='word_1_134' title='bbox 496 2575 625 2649; x_wconf 89' lang='lat' dir='ltr'>Sulpicii,</span> <span class='ocrx_word' id='word_1_135' title='bbox 648 2581 698 2648; x_wconf 89' lang='lat' dir='ltr'>qui</span> <span class='ocrx_word' id='word_1_136' title='bbox 718 2575 849 2632; x_wconf 75' lang='lat' dir='ltr'>tribfinus</span> <span class='ocrx_word' id='word_1_137' title='bbox 874 2574 972 2648; x_wconf 88' lang='lat' dir='ltr'>plebei</span> <span class='ocrx_word' id='word_1_138' title='bbox 996 2574 1166 2632; x_wconf 80' lang='lat' dir='ltr'>interfectus</span> 
     </span>
     <span class='ocr_line' id='line_1_19' title="bbox 164 2680 1165 2755; baseline 0.001 -17"><span class='ocrx_word' id='word_1_139' title='bbox 164 2691 217 2753; x_wconf 89' lang='lat' dir='ltr'>est,</span> <span class='ocrx_word' id='word_1_140' title='bbox 238 2686 300 2738; x_wconf 82' lang='lat' dir='ltr'>nen</span> <span class='ocrx_word' id='word_1_141' title='bbox 325 2699 430 2754; x_wconf 87' lang='lat' dir='ltr'>expers</span> <span class='ocrx_word' id='word_1_142' title='bbox 452 2680 505 2737; x_wconf 85' lang='lat' dir='ltr'>fuit</span> <span class='ocrx_word' id='word_1_143' title='bbox 527 2680 601 2738; x_wconf 91' lang='lat' dir='ltr'>illius</span> <span class='ocrx_word' id='word_1_144' title='bbox 622 2681 744 2755; x_wconf 90' lang='lat' dir='ltr'>periculi</span> <span class='ocrx_word' id='word_1_145' title='bbox 755 2701 763 2752; x_wconf 82' lang='lat'>3</span> <span class='ocrx_word' id='word_1_146' title='bbox 791 2698 920 2754; x_wconf 90' lang='lat' dir='ltr'>namque</span> <span class='ocrx_word' id='word_1_147' title='bbox 942 2680 1057 2753; x_wconf 90' lang='lat' dir='ltr'>Anicia,</span> <span class='ocrx_word' id='word_1_148' title='bbox 1080 2683 1165 2739; x_wconf 87' lang='lat' dir='ltr'>Pom·</span> 
     </span>
     <span class='ocr_line' id='line_1_20' title="bbox 164 2786 1166 2861; baseline 0 -17"><span class='ocrx_word' id='word_1_149' title='bbox 164 2787 247 2861; x_wconf 78' lang='lat' dir='ltr'>penii</span> <span class='ocrx_word' id='word_1_150' title='bbox 274 2787 459 2856; x_wconf 78' lang='lat' dir='ltr'>consobrina,</span> <span class='ocrx_word' id='word_1_151' title='bbox 481 2791 621 2860; x_wconf 77' lang='lat' dir='ltr'>nupserat</span> <span class='ocrx_word' id='word_1_152' title='bbox 650 2786 759 2858; x_wconf 82' lang='lat' dir='ltr'>Servio,</span> <span class='ocrx_word' id='word_1_153' title='bbox 782 2786 863 2843; x_wconf 74' lang='lat' dir='ltr'>fretri</span> <span class='ocrx_word' id='word_1_154' title='bbox 889 2786 1018 2860; x_wconf 88' lang='lat' dir='ltr'>Sulpicii.</span> <span class='ocrx_word' id='word_1_155' title='bbox 1062 2787 1166 2861; x_wconf 88' lang='lat' dir='ltr'>Itaque</span> 
     </span>
    </p>

    <p class='ocr_par' dir='ltr' id='par_1_8' title="bbox 113 2892 1166 2967">
     <span class='ocr_line' id='line_1_21' title="bbox 113 2892 1166 2967; baseline -0.005 -12"><span class='ocrx_word' id='word_1_156' title='bbox 113 2923 142 2954; x_wconf 89' lang='lat'>20</span> <span class='ocrx_word' id='word_1_157' title='bbox 163 2894 318 2951; x_wconf 78' lang='lat' dir='ltr'>interfecte</span> <span class='ocrx_word' id='word_1_158' title='bbox 353 2893 483 2967; x_wconf 81' lang='lat' dir='ltr'>Sulpicie</span> <span class='ocrx_word' id='word_1_159' title='bbox 518 2898 622 2966; x_wconf 81' lang='lat' dir='ltr'>postea</span> <span class='ocrx_word' id='word_1_160' title='bbox 650 2911 739 2965; x_wconf 90' lang='lat' dir='ltr'>quam</span> <span class='ocrx_word' id='word_1_161' title='bbox 774 2892 848 2950; x_wconf 88' lang='lat' dir='ltr'>vidit</span> <span class='ocrx_word' id='word_1_162' title='bbox 876 2892 1012 2950; x_wconf 74' lang='lat' dir='ltr'>Cinnene</span> <span class='ocrx_word' id='word_1_163' title='bbox 1041 2893 1166 2951; x_wconf 80' lang='lat' dir='ltr'>tumultu</span> 
     </span>
    </p>
   </div>
   <div class='ocr_carea' id='block_1_3' title="bbox 113 2997 1167 3707">
    <p class='ocr_par' dir='ltr' id='par_1_9' title="bbox 113 2997 1167 3707">
     <span class='ocr_line' id='line_1_22' title="bbox 164 2997 1166 3073; baseline 0 -18"><span class='ocrx_word' id='word_1_164' title='bbox 164 3000 311 3056; x_wconf 73' lang='lat' dir='ltr'>civitetem</span> <span class='ocrx_word' id='word_1_165' title='bbox 346 3017 410 3056; x_wconf 92' lang='lat' dir='ltr'>esse</span> <span class='ocrx_word' id='word_1_166' title='bbox 445 2998 645 3073; x_wconf 72' lang='lat' dir='ltr'>perturbetam</span> <span class='ocrx_word' id='word_1_167' title='bbox 675 3016 772 3072; x_wconf 90' lang='lat' dir='ltr'>neque</span> <span class='ocrx_word' id='word_1_168' title='bbox 808 2998 864 3057; x_wconf 91' lang='lat' dir='ltr'>sibi</span> <span class='ocrx_word' id='word_1_169' title='bbox 898 2997 962 3055; x_wconf 91' lang='lat' dir='ltr'>dari</span> <span class='ocrx_word' id='word_1_170' title='bbox 997 2998 1166 3056; x_wconf 81' lang='lat' dir='ltr'>facultaitenr</span> 
     </span>
     <span class='ocr_line' id='line_1_23' title="bbox 164 3078 1166 3179; baseline 0 -19"><span class='ocrx_word' id='word_1_171' title='bbox 164 3110 217 3179; x_wconf 79' lang='lat' dir='ltr'>pre</span> <span class='ocrx_word' id='word_1_172' title='bbox 239 3103 379 3178; x_wconf 55' lang='lat' dir='ltr'>dignitate</span> <span class='ocrx_word' id='word_1_173' title='bbox 404 3103 531 3176; x_wconf 90' lang='lat' dir='ltr'>vivendi,</span> <span class='ocrx_word' id='word_1_174' title='bbox 556 3110 627 3177; x_wconf 90' lang='lat' dir='ltr'>quin</span> <span class='ocrx_word' id='word_1_175' title='bbox 655 3103 824 3161; x_wconf 80' lang='lat' dir='ltr'>alterutram</span> <span class='ocrx_word' id='word_1_176' title='bbox 853 3113 968 3178; x_wconf 91' lang='lat' dir='ltr'>partem</span> <span class='ocrx_word' id='word_1_177' title='bbox 993 3078 1166 3175; x_wconf 82' lang='lat' dir='ltr'>offenderet,</span> 
     </span>
     <span class='ocr_line' id='line_1_24' title="bbox 164 3208 1166 3282; baseline -0.001 -15"><span class='ocrx_word' id='word_1_178' title='bbox 164 3208 326 3267; x_wconf 75' lang='lat' dir='ltr'>dissocietis</span> <span class='ocrx_word' id='word_1_179' title='bbox 361 3210 465 3267; x_wconf 90' lang='lat' dir='ltr'>animis</span> <span class='ocrx_word' id='word_1_180' title='bbox 500 3209 616 3281; x_wconf 88' lang='lat' dir='ltr'>civium,</span> <span class='ocrx_word' id='word_1_181' title='bbox 652 3228 721 3266; x_wconf 91' lang='lat' dir='ltr'>cum</span> <span class='ocrx_word' id='word_1_182' title='bbox 759 3210 807 3267; x_wconf 87' lang='lat' dir='ltr'>alii</span> <span class='ocrx_word' id='word_1_183' title='bbox 845 3210 976 3282; x_wconf 62' lang='lat' dir='ltr'>Sullanis</span> <span class='ocrx_word' id='word_1_184' title='bbox 1011 3211 1061 3268; x_wconf 93' lang='lat' dir='ltr'>alii</span> <span class='ocrx_word' id='word_1_185' title='bbox 1097 3210 1166 3269; x_wconf 89' lang='lat' dir='ltr'>Cin-</span> 
     </span>
     <span class='ocr_line' id='line_1_25' title="bbox 163 3314 1167 3389; baseline 0 -17"><span class='ocrx_word' id='word_1_186' title='bbox 163 3321 246 3372; x_wconf 77' lang='lat' dir='ltr'>nenis</span> <span class='ocrx_word' id='word_1_187' title='bbox 285 3316 415 3373; x_wconf 82' lang='lat' dir='ltr'>faverent</span> <span class='ocrx_word' id='word_1_188' title='bbox 450 3316 590 3389; x_wconf 87' lang='lat' dir='ltr'>partibus,</span> <span class='ocrx_word' id='word_1_189' title='bbox 624 3314 764 3372; x_wconf 78' lang='lat' dir='ltr'>ideneum</span> <span class='ocrx_word' id='word_1_190' title='bbox 800 3324 917 3389; x_wconf 89' lang='lat' dir='ltr'>tempus</span> <span class='ocrx_word' id='word_1_191' title='bbox 951 3325 1030 3373; x_wconf 90' lang='lat' dir='ltr'>ratus</span> <span class='ocrx_word' id='word_1_192' title='bbox 1066 3314 1167 3373; x_wconf 91' lang='lat' dir='ltr'>studiis</span> 
     </span>
     <span class='ocr_line' id='line_1_26' title="bbox 113 3420 1167 3495; baseline 0.004 -22"><span class='ocrx_word' id='word_1_193' title='bbox 113 3442 139 3488; x_wconf 85' lang='lat'>25</span> <span class='ocrx_word' id='word_1_194' title='bbox 164 3421 349 3495; x_wconf 87' lang='lat' dir='ltr'>obsequendi</span> <span class='ocrx_word' id='word_1_195' title='bbox 377 3427 434 3479; x_wconf 92' lang='lat' dir='ltr'>suis</span> <span class='ocrx_word' id='word_1_196' title='bbox 466 3422 595 3478; x_wconf 76' lang='lat' dir='ltr'>Athenis</span> <span class='ocrx_word' id='word_1_197' title='bbox 628 3425 659 3478; x_wconf 91' lang='lat' dir='ltr'>se</span> <span class='ocrx_word' id='word_1_198' title='bbox 687 3420 821 3478; x_wconf 90' lang='lat' dir='ltr'>contulit.</span> <span class='ocrx_word' id='word_1_199' title='bbox 877 3421 983 3494; x_wconf 91' lang='lat' dir='ltr'>Neque</span> <span class='ocrx_word' id='word_1_200' title='bbox 1012 3426 1050 3478; x_wconf 76' lang='lat' dir='ltr'>ee</span> <span class='ocrx_word' id='word_1_201' title='bbox 1079 3421 1167 3479; x_wconf 86' lang='lat' dir='ltr'>setius</span> 
     </span>
     <span class='ocr_line' id='line_1_27' title="bbox 164 3525 1166 3600; baseline 0.001 -17"><span class='ocrx_word' id='word_1_202' title='bbox 164 3527 385 3585; x_wconf 83' lang='lat' dir='ltr'>adulescentem</span> <span class='ocrx_word' id='word_1_203' title='bbox 408 3527 534 3585; x_wconf 89' lang='lat' dir='ltr'>Marium</span> <span class='ocrx_word' id='word_1_204' title='bbox 557 3527 673 3584; x_wconf 88' lang='lat' dir='ltr'>hostem</span> <span class='ocrx_word' id='word_1_205' title='bbox 695 3525 857 3584; x_wconf 73' lang='lat' dir='ltr'>iudicetum</span> <span class='ocrx_word' id='word_1_206' title='bbox 879 3526 951 3583; x_wconf 75' lang='lat' dir='ltr'>ievit</span> <span class='ocrx_word' id='word_1_207' title='bbox 972 3526 1079 3600; x_wconf 89' lang='lat' dir='ltr'>opibus</span> <span class='ocrx_word' id='word_1_208' title='bbox 1100 3533 1166 3597; x_wconf 91' lang='lat' dir='ltr'>suis,</span> 
     </span>
     <span class='ocr_line' id='line_1_28' title="bbox 163 3631 1166 3707; baseline -0.001 -17"><span class='ocrx_word' id='word_1_209' title='bbox 163 3634 245 3691; x_wconf 77' lang='lat' dir='ltr'>cirius</span> <span class='ocrx_word' id='word_1_210' title='bbox 270 3633 368 3707; x_wconf 86' lang='lat' dir='ltr'>sugam</span> <span class='ocrx_word' id='word_1_211' title='bbox 394 3633 520 3706; x_wconf 76' lang='lat' dir='ltr'>pecunie</span> <span class='ocrx_word' id='word_1_212' title='bbox 547 3632 716 3691; x_wconf 77' lang='lat' dir='ltr'>sublevevit.</span> <span class='ocrx_word' id='word_1_213' title='bbox 757 3634 801 3689; x_wconf 89' lang='lat' dir='ltr'>Ac</span> <span class='ocrx_word' id='word_1_214' title='bbox 829 3636 868 3690; x_wconf 89' lang='lat' dir='ltr'>ne</span> <span class='ocrx_word' id='word_1_215' title='bbox 896 3631 944 3688; x_wconf 93' lang='lat' dir='ltr'>illa</span> <span class='ocrx_word' id='word_1_216' title='bbox 971 3633 1166 3706; x_wconf 73' lang='lat' dir='ltr'>peregrinitie</span> 
     </span>
    </p>
   </div>
   <div class='ocr_carea' id='block_1_4' title="bbox 618 3759 665 3796">
    <p class='ocr_par' dir='ltr' id='par_1_10' title="bbox 618 3759 665 3796">
     <span class='ocr_line' id='line_1_29' title="bbox 618 3759 665 3796; baseline 0.021 -1"><span class='ocrx_word' id='word_1_217' title='bbox 618 3759 665 3796; x_wconf 88' lang='lat'>120</span> 
     </span>
    </p>
   </div>
   <div class='ocr_carea' id='block_1_5' title="bbox 0 0 1292 4146">
    <p class='ocr_par' dir='ltr' id='par_1_11' title="bbox 0 0 1292 4146">
     <span class='ocr_line' id='line_1_30' title="bbox 0 0 1292 4146; baseline 0 0"><span class='ocrx_word' id='word_1_218' title='bbox 0 0 1292 4146; x_wconf 95' lang='lat' dir='ltr'> </span> 
     </span>
    </p>
   </div>
  </div>
 </body>
</html>
