2574 4146
61 263 164 326 Vnt]
541 261 709 312 auxanus
1106 272 1146 335 91

58 435 213 492 n6mine
249 435 473 493 tabernaculum
508 435 608 493 statuit
642 435 672 492 in
711 440 808 510 eaque
844 436 945 493 sellam
981 454 1100 495 auream

59 554 154 598 cum
198 545 321 615 sceptra
356 558 391 598 ac
426 538 596 599 diademate
634 541 717 598 iussit
755 546 826 615 pani
864 546 961 616 eaque
996 547 1100 601 omnas

58 645 214 705 cottidie}
240 652 409 717 convenire,
432 656 464 703 ut
488 645 590 704 ibide
615 653 736 704 summis
760 647 848 704 rebus
869 647 991 705 cansilia
1011 666 1099 722 cape·

58 763 191 811 rentur
202 773 211 824 3
241 751 368 810 credens
390 753 504 810 minare
528 757 561 810 se
584 751 696 810 invidia
718 752 790 823 fore,
812 759 836 810 si
860 754 960 827 specie
985 753 1101 829 imperii

57 859 282 933 naminisque
314 858 500 916 simulatiane
530 856 690 916 Alexandri
723 858 833 916 bellum
863 858 1012 917 vidaratur
1048 859 1099 918 ad·
1125 883 1135 930 ς

57 964 269 1022 ministrare.
312 963 403 1038 Quod
430 963 555 1035 effecit3
594 981 662 1021 nam
694 982 762 1021 cum
795 969 854 1021 utin
887 963 925 1022 ad
958 966 1100 1023 Eumenis

57 1069 248 1144 principia,
271 1067 326 1127 sed
353 1068 392 1127 ad
420 1070 501 1144 nagia
527 1074 733 1127 conveniretur
761 1079 850 1143 atque
878 1069 919 1128 ibi
947 1069 986 1129 da
1013 1072 1101 1129 rebus

57 1173 315 1246 daliberaretur,
330 1173 460 1250 quadam
483 1173 575 1232 modo
596 1174 715 1245 latebat,
737 1192 805 1232 cum
828 1185 928 1234 tamen
952 1193 1007 1251 per
1031 1194 1099 1234 eum

58 1283 181 1338 finum
205 1290 379 1355 gererentur
400 1281 509 1339 omnia.

121 1387 222 1444 VIII.
253 1387 314 1443 Hic
342 1387 373 1444 in
401 1389 564 1444 Paraetacis
592 1405 660 1444 curn
689 1386 839 1461 Antigona
869 1386 1011 1459 canflixit,
1040 1393 1101 1445 nan
1125 1410 1151 1440 ιο

63 1494 153 1552 acia
191 1497 344 1563 instricta,
373 1491 426 1550 sed
461 1492 491 1549 in
525 1492 639 1564 itinere,
668 1510 796 1567 eumque
832 1493 908 1550 male
943 1503 1101 1567 acceptum

64 1597 112 1657 in
150 1597 293 1656 Madiam
326 1597 488 1656 hiematum
501 1630 505 1637 -
519 1598 618 1673 coegit
649 1597 754 1656 redire.
811 1599 879 1672 Ipse
911 1598 942 1655 in
974 1599 1102 1657 finitima

68 1705 215 1781 regiane
245 1703 372 1761 Persidis
400 1703 561 1761 hiematum
589 1703 690 1777 capias
719 1703 826 1773 divisit,
854 1709 914 1761 nau
942 1714 974 1761 ut
1000 1705 1100 1775 voluit,

71 1810 141 1870 sed
174 1820 209 1866 ut
238 1808 364 1865 militum
391 1809 518 1883 cagabat
546 1808 689 1866 voluntas.
732 1809 870 1882 Namque
899 1808 947 1866 illa
973 1809 1101 1883 phalanx

76 1915 256 1976 Alexandri
296 1916 407 1990 Magni,
442 1933 518 1989 quae
555 1914 654 1971 Asiam
692 1920 859 1990 peragrarat
894 1912 1100 1989 deviceratque
1126 1943 1150 1990 15

78 2023 208 2094 PersaS,
237 2021 399 2079 inveterata
431 2038 500 2077 cum
536 2020 629 2096 glaria
662 2030 725 2078 tum
760 2020 849 2078 etiam
884 2020 1013 2092 licentia,
1041 2027 1101 2079 nan

82 2133 197 2203 par'e're
238 2131 271 2185 sa
309 2125 443 2197 ducibus,
471 2124 525 2184 sed
563 2126 708 2200 imperare
742 2126 919 2200 postulabat,
954 2136 986 2183 ut
1023 2144 1101 2183 nunc

84 2239 226 2294 veterani
251 2232 362 2290 faciunt
386 2237 489 2290 nostri.
531 2232 636 2305 Itaque
664 2231 828 2306 periculum
856 2236 966 2289 estne
994 2232 1102 2290 faciant

88 2339 176 2416 quod
202 2339 246 2396 illi
270 2338 416 2409 facarunt
439 2343 491 2395 sua
513 2337 740 2412 intemperantia
760 2338 909 2411 nimiaque
931 2337 1051 2395 licentia
1070 2347 1102 2395 ut

92 2447 196 2504 omnia
229 2443 357 2520 perdant
387 2461 484 2518 neque
518 2442 615 2500 minus
645 2448 697 2501 eas
727 2461 795 2500 cum
827 2442 933 2517 quibus
964 2443 1101 2515 facerint,
1124 2473 1152 2504 20

93 2569 184 2626 quam
202 2549 344 2609 adversus
362 2554 438 2625 quas
457 2549 602 2607 steterint.
644 2547 735 2622 Quod
756 2555 780 2606 si
799 2549 865 2622 quis
887 2548 1003 2606 illarum
1020 2559 1100 2607 vete-

96 2663 234 2716 ranarum
262 2657 340 2732 legat
367 2656 454 2727 sacta,
479 2655 561 2730 paria
589 2654 694 2712 barum
723 2659 884 2729 cagnascat
912 2672 1009 2728 neque
1038 2672 1100 2712 rem

97 2763 183 2821 allam
212 2762 269 2820 nisi
298 2772 414 2836 tempus
439 2761 580 2819 interesse
604 2758 723 2818 iadicet.
767 2758 827 2818 Sed
850 2759 889 2818 ad
915 2759 980 2817 illas
1004 2777 1101 2818 rever-

100 2876 149 2927 tar.
205 2868 342 2926 Hiberna
369 2871 556 2942 sumpserant
587 2871 648 2924 nan
679 2864 718 2923 ad
752 2870 838 2923 asum
871 2864 948 2937 belli,
976 2865 1030 2924 sed
1062 2865 1101 2924 ad

102 2972 227 3048 ipsarum
256 2973 407 3044 luxuriam,
435 2973 582 3047 longeque
611 2972 688 3029 inter
714 2976 745 3030 sa
774 2970 980 3029 discesserant.
1030 2972 1100 3029 Hac
1123 3001 1149 3049 25

102 3055 351 3156 Antigonus”cum
372 3084 566 3152 comperisset
590 3077 832 3152 intellegeretque
858 3082 890 3135 se
914 3094 1017 3152 parem
1039 3081 1101 3134 nan
1158 3108 1162 3115 ·

104 3201 160 3243 esse
188 3190 298 3260 paratis
325 3183 506 3255 adversariis,
535 3183 635 3241 statuit
663 3182 775 3256 aliquid
804 3183 860 3241 sibi
888 3183 1002 3240 cansilii
1032 3188 1101 3240 novi

104 3305 160 3347 esse
182 3288 373 3364 capiendum,
415 3290 501 3347 Duae
522 3298 605 3346 erant
624 3288 689 3345 viae
711 3293 770 3363 qua
791 3306 828 3345 ex
850 3287 957 3359 Medis
980 3287 1030 3346 ubi
1052 3287 1100 3345 ille

104 3392 256 3467 hiemabat,
277 3394 316 3453 ad
341 3393 574 3453 adversariarum
602 3393 791 3452 bibemacula
818 3405 920 3468 posset
947 3399 1099 3470 perveniri.

105 3499 230 3573 Quarum
259 3500 376 3559 brevior
403 3518 456 3576 per
482 3501 548 3558 loca
576 3499 702 3571 deserta,
727 3517 804 3574 quae
832 3505 922 3558 nama
949 3498 1098 3557 incolabat
1122 3517 1150 3562 30

105 3618 220 3684 propter
239 3626 335 3684 aquae
355 3607 496 3682 inopiam,
515 3611 648 3664 ceterum
669 3604 785 3663 diarum
807 3616 870 3665 erat
890 3606 952 3664 fera
972 3604 1079 3664 decem
1090 3625 1099 3677 ;

106 3710 149 3771 illa
170 3724 279 3786 autern,
304 3720 363 3789 qua
387 3719 489 3775 omnes
513 3711 732 3786 commeabant,
757 3712 852 3773 altera
875 3717 958 3772 tauta
986 3711 1098 3786 longia-
