2574 4146
110 247 160 313 vr]
569 244 716 294 nrrrcus
1111 245 1169 309 123

113 420 150 493 Q.
171 419 272 476 Tullia
297 418 445 489 Ciceruni,
468 423 576 492 easque
601 417 717 492 nuptias
744 409 785 474 M.
808 416 915 475 Cicera
940 415 1120 486 conciliarat,

112 544 180 583 cum
209 530 272 599 quu
300 530 318 581 a
345 523 580 599 condiscipulatu
608 524 723 581 vivabat
750 523 998 592 coniunctissima,
1028 521 1120 578 multu

113 631 202 688 etiam
238 629 408 688 familiarius
442 647 533 703 quam
564 647 632 686 cum
666 628 795 701 Quinta,
815 638 847 684 ut
878 626 1000 685 iudicari
1028 627 1121 701 possit

113 738 178 812 plus
206 737 238 794 in
263 736 393 794 amicitia
417 737 513 793 valate
538 734 761 793 similitudinem
785 739 902 791 murum
926 750 1016 806 quam
1041 732 1119 793 adfi-

112 843 246 900 nitatem.
306 829 454 901 Utabatur
481 850 581 898 autem
609 840 713 897 intima
742 839 780 913 Q.
810 839 982 910 Hortansiu,
1009 845 1061 912 qui
1079 845 1121 896 eis
1145 860 1155 908 ς

114 948 298 1023 temporibus
326 948 524 1023 principatum
552 945 739 1021 Eloquentiae
768 946 898 1017 tenabat,
927 954 959 1002 ut
992 945 1121 1019 intellegi

114 1059 174 1111 nun
195 1062 298 1128 posset
318 1062 385 1110 uter
405 1071 473 1110 eum
496 1053 560 1126 plus
582 1051 727 1127 diligeret,
750 1052 856 1109 Ciceru
880 1069 919 1108 an
944 1051 1121 1108 Hortansius

115 1168 153 1230 et,
181 1157 214 1216 id
241 1157 324 1232 quod
355 1168 418 1216 erat
449 1157 662 1229 difficillimum,
691 1157 839 1216 efficiabat
869 1166 911 1227 ut,
940 1156 1016 1215 inter
1046 1161 1121 1230 quus

115 1274 213 1322 tantae
242 1264 338 1322 laudis
365 1273 444 1322 esset
471 1263 638 1334 aemulatiu,
666 1263 746 1319 nulla
773 1261 972 1321 intercederet
1003 1263 1120 1321 obtrec-

116 1371 187 1428 tatiu
209 1379 348 1443 essetque
370 1369 472 1426 talium
492 1369 621 1426 virurum
643 1368 760 1443 copula.
1075 1401 1081 1410 ·
1145 1396 1171 1425 ιο

155 1476 209 1533 VI.
240 1477 276 1533 In
301 1479 333 1532 ra
358 1474 476 1550 publica
500 1474 541 1531 ita
564 1483 608 1531 est
631 1480 771 1546 versatus,
796 1484 828 1532 ut
853 1491 970 1548 semper
995 1473 1120 1548 optima·

116 1601 180 1639 rum
208 1580 338 1657 partium
366 1591 396 1639 et
424 1590 501 1638 esset
528 1589 558 1637 et
586 1580 809 1652 existimaratur,
835 1597 932 1654 neque
961 1589 1062 1638 tamen
1089 1585 1120 1637 sa

117 1688 248 1745 civilibus
277 1686 414 1745 fluctibus
442 1685 651 1757 committeret,
680 1684 761 1759 quod
791 1690 852 1743 nun
886 1685 977 1760 magis
1009 1690 1060 1743 eus
1090 1686 1121 1742 in

117 1800 168 1851 sua
189 1797 338 1869 potestate
359 1791 544 1850 existimabat
565 1808 639 1862 esse,
661 1797 711 1864 qui
732 1796 763 1849 sa
786 1790 829 1848 his
850 1789 1011 1861 dedissent,
1031 1809 1120 1865 quam

118 1905 166 1973 qui
194 1898 349 1956 maritimis
377 1898 562 1955 iactarentur.
616 1897 757 1954 Honuras
784 1901 846 1953 nun
874 1897 967 1970 petiit,
997 1915 1065 1954 cum
1094 1904 1121 1954 ei
1145 1918 1169 1965 ις

118 2009 253 2078 patrarent
275 2012 398 2078 propter
418 2003 464 2059 vel
485 2002 608 2076 gratiam
629 2002 675 2059 vel
696 2002 871 2076 dignitatem
883 2023 891 2073 3
920 2002 1001 2076 quod
1023 2020 1120 2076 neque
1208 2082 1210 2086 ,

118 2117 177 2184 peti
203 2115 287 2167 mure
313 2109 456 2167 maiumm
481 2126 578 2182 neque
604 2114 671 2183 capi
696 2118 818 2182 possent
845 2113 1023 2165 cunservatis
1051 2109 1119 2183 lagi-

119 2216 170 2274 bus
202 2216 234 2272 in
266 2225 326 2272 tam
359 2214 460 2272 effusis
491 2214 618 2272 ambitus
647 2213 848 2288 largitiunibus
882 2231 979 2288 neque
1010 2220 1072 2288 geri
1104 2219 1121 2272 a

117 2326 147 2379 ra
172 2322 293 2396 publica
320 2320 383 2378 sine
411 2320 541 2395 pericula
569 2325 713 2394 corruptis
741 2319 864 2376 civitatis
893 2320 1031 2378 muribus.
1074 2310 1121 2378 Ad

119 2427 232 2484 hastam
260 2426 410 2500 publicam
439 2442 599 2499 numquam
628 2425 761 2482 accessit.
813 2425 927 2482 Nullius
955 2431 997 2482 rei
1024 2442 1121 2500 neque
1143 2451 1172 2483 ιο

119 2550 203 2606 praes
231 2550 329 2606 neque
358 2549 499 2606 manceps
527 2532 621 2588 factus
649 2540 702 2588 est.
756 2530 915 2588 Numinem
942 2548 1040 2604 neque
1068 2537 1121 2589 suu

119 2638 239 2696 numine
272 2655 370 2712 neque
401 2636 587 2695 subscribans
618 2636 774 2705 accusavit,
803 2636 834 2693 in
863 2636 907 2693 ius
938 2635 977 2693 da
1008 2642 1060 2694 sua
1090 2643 1121 2695 ra

120 2761 280 2818 numquam
307 2744 350 2815 iit,
378 2743 519 2802 iudicium
548 2742 659 2801 nullum
691 2741 801 2801 habuit.
857 2742 1019 2800 Multarum
1050 2748 1120 2801 cun-

120 2849 213 2907 sulum
241 2854 468 2923 praeturumque
496 2848 696 2923 praefecturas
723 2847 834 2905 dalatas
862 2854 904 2905 sic
935 2847 1061 2922 accapit,
1089 2859 1121 2905 ut

119 2955 269 3012 naminem
296 2955 328 3012 in
355 2954 538 3028 pruvinciam
567 2954 603 3011 sit
634 2959 759 3025 secutus,
789 2953 901 3011 honure
933 2953 1019 3011 suerit
1049 2972 1119 3011 con·
1144 2981 1169 3027 ²5

121 3071 226 3133 tentus,
255 3067 298 3118 rei
331 3061 478 3119 familiaris
511 3059 680 3133 daspaxerit
715 3059 840 3117 fructum
852 3081 860 3131 3
895 3066 946 3134 qui
979 3064 1017 3117 na
1051 3078 1120 3117 cum

122 3165 232 3239 Quinta
254 3166 375 3240 quidem
396 3166 542 3225 Cicerune
564 3165 687 3223 voluerit
707 3171 749 3223 ire
771 3165 802 3222 in
822 3165 932 3237 Asiam,
950 3183 1019 3223 cum
1039 3165 1121 3240 apud

122 3289 187 3328 eum
211 3272 300 3346 lagati
323 3270 421 3329 locum
447 3271 582 3329 obtinare
607 3280 716 3345 posset.
759 3271 829 3330 Nun
854 3271 932 3329 enim
958 3270 1065 3329 decuere
1089 3276 1121 3329 sa

122 3377 321 3448 arbitrabatur,
352 3395 420 3435 cum
454 3382 620 3451 praeturam
656 3394 757 3451 gerere
792 3377 942 3449 ualuisset,
970 3377 1121 3435 adseclam

123 3499 184 3540 esse
208 3481 359 3558 praeturis.
401 3484 469 3557 Qua
493 3483 523 3540 in
548 3486 581 3540 ra
605 3487 666 3540 nun
691 3482 785 3540 sulum
810 3482 945 3557 dignitati
965 3484 1120 3555 serviabat,
1144 3505 1171 3550 30

123 3586 173 3644 sed
202 3588 292 3645 etiam
323 3589 530 3662 tranquillitati,
560 3606 628 3645 eum
659 3588 840 3662 suspiciunas
870 3606 988 3662 quoque
1018 3595 1121 3646 vitaret

125 3693 285 3752 criminum.
328 3693 396 3767 Qua
420 3694 516 3754 tiabat
539 3703 571 3752 ut
596 3693 657 3752 aius
679 3693 866 3752 observantia
885 3693 1022 3752 omnibus
1043 3705 1121 3753 esset
