2574 4146
1148 42 1174 69 d

117 237 169 300 vn]
507 236 776 286 'runmsrocuus
1126 238 1163 302 13

116 427 183 484 opus
212 409 345 467 lacerent
371 427 468 484 neque
495 409 547 467 olli
573 408 641 467 loco
666 417 831 484 parcerent,
857 413 917 465 sive
943 425 1027 465 sacer
1054 412 1114 465 sive

115 521 239 591 privetus
268 525 345 573 esset
372 521 433 573 sive
460 515 605 590 poblicus‚
635 525 665 572 et
692 514 833 588 undique,
862 513 944 588 quod
971 513 1114 572 idoneum

115 621 148 679 ad
173 620 367 680 muniendum
388 627 534 696 putorent,
549 629 753 696 congererent.
796 620 865 694 Quo
886 620 996 677 factum
1017 629 1115 677 estut

113 727 336 785 Atheniensium
358 732 434 785 mirri
455 744 492 784 ex
513 726 625 784 sacellis
647 726 847 800 sepulcrisque
869 730 1046 783 constorent.

148 834 221 891 VII.
249 832 467 890 Themistocles
484 840 583 889 autem
601 841 634 889 ut
650 831 910 888 Lacedaemonem
927 831 1018 902 venit,
1033 831 1115 889 adire
1139 852 1150 901 ς

113 937 148 996 ad
169 938 356 1012 magistrotirs
377 937 470 1017 poluit
492 947 522 994 et
543 936 627 996 dedit
648 955 770 1011 operam
787 946 926 1011 utquam
945 937 1115 1011 longissime

113 1053 228 1119 tempus
254 1030 386 1114 doceret,
412 1061 530 1101 causam
555 1043 747 1117 interponens
773 1047 804 1100 se
829 1042 967 1117 conlegos
992 1060 1113 1117 exspec-

113 1155 181 1208 tore.
224 1149 302 1207 Cum
331 1148 562 1206 Lacedaemonii
586 1154 779 1223 quererentur
802 1166 878 1223 opus
901 1149 994 1206 nihilo
1019 1148 1115 1206 minus

113 1255 173 1313 fieri
198 1272 327 1329 eumque
351 1255 382 1312 in
410 1260 446 1312 eo
475 1259 506 1312 re
534 1259 635 1312 conori
662 1255 771 1325 fallere,
796 1254 913 1312 interim
942 1255 1046 1329 reliqui
1073 1255 1114 1312 le·

113 1366 171 1436 goti
192 1369 259 1418 sunt
280 1365 442 1418 consecuti.
484 1347 509 1417 Ᾰ
531 1360 638 1434 quibus
662 1378 731 1417 cum
756 1359 886 1417 audisset
906 1365 968 1417 non
989 1361 1115 1418 multum
1140 1388 1166 1420 ιο

114 1483 265 1541 superesse
294 1466 473 1537 monitionis,
501 1465 540 1523 ad
568 1466 697 1540 ephoros
730 1465 1034 1524 Lacedaemoniorum
1067 1484 1115 1523 ac·

114 1572 209 1644 cessit,
234 1589 328 1646 penes
355 1577 430 1646 quos
458 1589 607 1629 summum
635 1580 698 1628 erat
725 1571 891 1645 imperium,
920 1581 1008 1646 atque
1036 1571 1116 1646 apud

115 1683 163 1737 eos
191 1676 348 1736 contendit
376 1677 448 1735 salsa
467 1683 509 1735 eis
537 1695 601 1735 esse
630 1676 747 1734 deleta:
772 1682 831 1750 quai
851 1681 882 1732 re
904 1694 1032 1750 aequum
1052 1696 1115 1736 esse

114 1783 177 1842 illos
204 1784 284 1841 viros
312 1783 407 1842 bonos
435 1783 609 1857 nobilesque
638 1783 754 1840 mittere
783 1782 889 1857 quibus
920 1781 995 1839 fides
1026 1781 1115 1840 habe-

116 1894 201 1962 retur,
230 1895 282 1964 qui
310 1907 373 1946 rem
402 1890 608 1963 explororent5
643 1889 756 1946 intereo
783 1892 816 1946 se
844 1887 980 1946 obsidem
1009 1887 1116 1945 retine·
1142 1909 1166 1957 ις

114 2005 186 2054 rent.
239 1996 348 2054 Gestus
377 2003 422 2053 est
449 2001 478 2052 ei
505 2001 578 2067 mos,
607 1999 724 2070 trosque
754 1995 841 2069 legeti
868 1994 967 2052 foncti
995 2000 1117 2050 summis

115 2099 275 2160 honoribus
302 2100 432 2158 Athenas
461 2106 542 2158 missi
569 2109 646 2158 sunt.
702 2099 780 2158 Cum
809 2099 852 2157 his
883 2100 1022 2174 conlegis
1050 2104 1118 2158 suos

114 2206 330 2264 Themistocles
351 2206 433 2264 iussit
455 2206 602 2280 proficisci
616 2212 717 2280 eisque
742 2205 896 2281 praedixit,
919 2215 951 2263 ut
975 2210 1014 2262 ne
1037 2205 1117 2279 prius

115 2311 418 2370 Lacedaemoniorum
454 2312 566 2387 legotos
602 2312 784 2370 dimitterent
819 2329 909 2385 quam
943 2311 1006 2386 ipse
1040 2321 1118 2369 esset

115 2424 258 2476 remissus.
1140 2442 1169 2473 ιο

150 2525 219 2581 Hos
245 2528 404 2597 postquam
429 2523 560 2580 Athenas
584 2522 752 2597 pervenisse
779 2531 858 2579 ratus
882 2531 936 2593 est,
952 2520 991 2579 ad
1012 2522 1116 2597 magis·

115 2634 200 2688 tretos
230 2633 426 2703 senetumque
454 2628 760 2686 Lacedaemoniorum
790 2627 863 2685 adiit
892 2637 923 2685 et
953 2628 1034 2702 apud
1065 2632 1118 2686 eos

114 2733 260 2794 liberrime
288 2735 436 2809 professus
464 2745 526 2792 est:
562 2734 759 2791 Athenienses
788 2738 841 2791 suo
873 2734 1007 2805 consilio,
1035 2733 1117 2808 quod

113 2845 265 2898 commoni
302 2840 365 2897 iore
403 2840 534 2915 gentium
574 2840 670 2897 facere
705 2849 836 2913 possent,
872 2838 946 2898 deos
982 2839 1118 2913 poblicos

114 2952 240 3021 suosque
266 2945 377 3020 patrios
402 2964 437 3003 ac
457 2948 589 3016 Penotes,
612 2950 673 3019 quo
695 2944 806 3002 facilius
828 2945 866 3003 ab
886 2945 972 3003 hoste
996 2955 1118 3019 possent
1140 2972 1167 3019 ²5

114 3051 285 3122 defendere,
301 3055 391 3109 moris
416 3051 559 3125 saepsisse
585 3068 682 3124 neque
703 3051 734 3108 in
755 3055 792 3107 eo
814 3051 896 3124 quod
917 3051 1019 3108 inritile
1040 3062 1118 3110 esset

114 3157 256 3214 Graeciae
279 3157 399 3214 fecisse.
442 3156 521 3213 Nam
542 3156 658 3214 illorum
679 3156 784 3213 urbem
806 3165 838 3213 ut
863 3157 1117 3231 propogneculum

114 3262 283 3337 oppositum
319 3279 384 3319 esse
418 3261 559 3333 barbaris,
588 3261 669 3336 apud
702 3279 792 3335 quarn
834 3261 892 3318 iarn
934 3262 979 3319 bis
1015 3263 1117 3337 copies

113 3367 206 3443 regios
226 3365 337 3424 fecisse
356 3367 548 3443 naufragium.
591 3365 846 3425 Lacedaemonios
867 3375 967 3425 autem
989 3369 1065 3425 male
1087 3377 1118 3425 et

113 3471 218 3532 inioste
246 3473 357 3543 facere,
385 3479 436 3547 qui
462 3473 493 3531 id
522 3473 619 3547 potius
650 3472 841 3545 intuerentur,
870 3471 952 3547 quod
986 3473 1118 3548 ipsorum
1140 3504 1168 3548 30

114 3577 311 3638 dominitioni
338 3597 428 3653 quam
456 3578 538 3653 quod
566 3578 720 3636 irniversae
751 3579 894 3637 Graeciae
925 3579 996 3637 otile
1031 3588 1117 3637 esset.

115 3689 179 3763 Quo
205 3693 246 3759 re,
272 3693 298 3745 si
327 3692 394 3744 suos
422 3687 533 3760 legetos
565 3684 696 3765 recipere
730 3684 847 3766 vellent,
879 3689 954 3759 quos
988 3683 1118 3746 Athenas
