2574 4146
434 270 604 321 CORNELII
627 271 776 320 NEPOTIS
799 271 907 319 VITAE
1148 270 1201 335 [Vl.

194 449 292 517 Bere,
321 451 352 503 se
387 444 519 502 contulit.
571 444 662 503 Ceius
696 463 765 502 cum
800 444 831 501 in
865 444 999 502 intimam
1035 443 1201 502 amicitiam

193 552 375 626 pervenisset
400 561 430 608 et
453 550 678 608 Atheniensium
707 550 783 608 male
811 557 900 625 gestis
928 550 958 607 in
985 549 1084 609 Sicilie
1111 550 1202 608 rebus

194 663 266 732 opes
288 662 451 728 senescere,
467 663 571 714 contre
592 655 897 714 Lacedaemoniemm
918 659 1051 713 creseere
1073 654 1202 727 videret,

193 763 277 821 initie
299 782 368 820 cum
389 761 531 819 Pisandre
553 767 698 835 praetere,
720 768 770 836 qui
791 760 871 837 apud
892 762 1012 819 Samum
1035 761 1202 819 exercitum

158 895 169 942 5
194 870 331 940 habebat,
360 887 414 944 per
440 869 635 927 intemr‘mties
665 869 853 943 conloquitur
884 877 914 926 et
944 867 983 926 de
1016 866 1115 926 reditu
1146 873 1203 926 sue

195 976 265 1033 facit
295 975 487 1033 mentienem.
543 977 572 1032 Is
601 985 664 1032 erat
692 975 771 1032 enirn
802 974 911 1032 eedem
939 979 1000 1048 que
1029 971 1203 1032 Alcibiades

196 1087 292 1153 sense,
314 1082 417 1156 populi
441 1081 593 1155 potentiae
617 1087 677 1138 nen
701 1087 813 1138 amicus
835 1091 865 1138 et
886 1080 1073 1154 optimatium
1095 1079 1203 1137 fautor.

195 1189 243 1246 Ab
266 1188 324 1245 hec
349 1187 506 1245 destitutus
528 1193 655 1261 primum
680 1204 733 1260 per
753 1186 976 1261 Thrasybulum,
999 1187 1071 1260 Lyci
1092 1185 1203 1257 silium,

193 1293 234 1351 ab
262 1293 394 1350 exercitu
420 1292 560 1366 recipitur
587 1302 763 1366 praetorque
795 1292 828 1348 fit
858 1290 938 1365 apud
973 1291 1112 1362 Samum3
1133 1299 1205 1364 post

148 1430 174 1461 10
197 1398 369 1472 suffragante
409 1397 596 1455 Theramene
634 1397 735 1472 populi
773 1402 846 1455 selte
881 1395 1042 1454 restituitur
1075 1402 1204 1470 parique

196 1506 302 1563 absens
340 1503 464 1577 imperie
502 1502 671 1577 praeficitur
709 1502 794 1560 simul
835 1520 904 1559 cum
944 1501 1130 1576 Thrasybule
1173 1511 1206 1560 et

196 1610 392 1667 Theramene.

237 1718 355 1773 Horum
383 1715 414 1772 in
441 1714 567 1789 imperie
595 1723 677 1771 tanta
701 1713 893 1771 comnn‘rtetie
921 1717 1018 1770 rerum
1043 1712 1123 1770 sacta
1147 1722 1206 1787 est,

197 1832 229 1880 ut
254 1821 493 1891 Lacedaemonii,
518 1826 569 1894 qui
593 1820 681 1894 paule
706 1830 774 1876 ante
799 1825 926 1877 victores
950 1819 1112 1894 viguerant,
1135 1836 1205 1894 per-

149 1955 173 2000 15
197 1927 289 1984 territi
310 1933 416 2001 pecem
438 1936 582 2001 peterent.
623 1926 702 1982 Victi
724 1925 802 1983 enirn
824 1935 907 1982 erant
927 1931 1057 1998 quinque
1083 1926 1206 1999 proeliis

198 2033 390 2103 terrestribus,
419 2032 511 2090 tribus
541 2031 701 2102 navelibus,
729 2031 759 2088 in
793 2031 899 2104 quibus
934 2030 1077 2088 ducentes
1112 2035 1206 2090 neves

198 2141 331 2197 triremes
348 2144 514 2209 emiserant,
529 2155 605 2211 quae
625 2147 730 2211 captae
748 2137 779 2193 in
795 2137 924 2194 hostium
940 2141 1083 2194 venerant
1102 2146 1206 2211 potes-

198 2251 299 2302 tetem.
340 2243 510 2302 Alcibiades
534 2242 620 2300 simul
644 2260 711 2299 cum
738 2241 867 2316 conlegis
896 2247 1050 2316 receperat
1075 2242 1206 2314 Ieniarn,

199 2351 438 2425 Hellespontum,
463 2349 569 2405 multes
597 2353 752 2422 praeterea
778 2348 864 2405 urbes
894 2349 1033 2419 Graeces
1062 2366 1139 2422 quae
1173 2349 1207 2407 in

148 2485 176 2517 20
199 2463 251 2515 ere
272 2458 344 2514 sitae
365 2465 432 2513 sunt
452 2455 624 2527 Thraeciae,
646 2460 770 2528 querum
796 2458 998 2529 expugnarant
1024 2454 1207 2528 complures,

198 2564 229 2620 in
248 2569 290 2620 eis
320 2561 502 2636 Byzantium,
530 2579 626 2634 neque
655 2560 751 2617 minus
778 2560 884 2617 multes
913 2560 1037 2618 censilie
1063 2558 1101 2617 ad
1132 2567 1206 2618 ami·

199 2669 299 2726 citiam
323 2667 527 2737 adiunxerant,
548 2666 630 2740 quod
656 2667 686 2723 in
709 2671 813 2740 captes
834 2665 993 2724 clementie
1014 2665 1129 2723 fuerant
1149 2671 1206 2725 usi

200 2777 245 2832 Ita
280 2773 392 2848 praeda
425 2778 531 2843 onusti,
562 2771 742 2846 locupleteto
778 2771 918 2843 exercite,
947 2771 1081 2829 meximis
1116 2771 1206 2831 rebus

198 2887 287 2956 gestis
308 2878 439 2937 Athenes
459 2882 609 2935 venerunt.

149 3016 175 3063 25
238 2987 291 3043 VI.
322 2987 378 3042 His
403 3002 471 3040 curn
497 2984 614 3042 obviam
640 2983 775 3040 universa
799 2983 899 3040 civites
928 2983 958 3040 in
987 2985 1123 3041 Piraeum
1151 2983 1205 3042 de·

200 3092 373 3163 scendisset,
395 3100 476 3148 tanta
501 3089 554 3146 fuit
582 3088 714 3146 omnium
743 3090 925 3163 exspectetis>
952 3089 1067 3147 visendi
1094 3089 1207 3148 Alcibi-

200 3198 273 3268 adis,
299 3207 331 3255 ut
356 3195 394 3253 ad
423 3195 484 3262 eius
513 3195 661 3253 triremem
689 3195 791 3269 vulgus
820 3194 991 3265 cenflueret,
1015 3195 1142 3268 proinde
1170 3214 1208 3253 ac

201 3310 225 3361 si
249 3304 327 3361 selus
351 3302 527 3360 advenisset.
569 3301 616 3358 Sic
642 3302 720 3358 enim
747 3300 858 3375 popule
883 3310 945 3358 erat
969 3306 1149 3375 persuesum,
1177 3310 1209 3358 et

201 3410 336 3468 adversas
365 3409 531 3482 superiores
558 3417 590 3464 et
617 3410 786 3480 praesentes
815 3406 959 3464 secundes
987 3410 1033 3463 res
1061 3404 1209 3465 accidisse

152 3547 179 3592 30
202 3517 264 3574 eius
288 3521 389 3589 opere.
442 3514 547 3587 Itaque
576 3522 607 3569 et
634 3512 795 3569 exercitum
824 3512 854 3570 in
882 3512 980 3571 sicilia
1007 3517 1147 3570 emissum
1177 3522 1209 3571 et

203 3619 506 3679 Lacedaemonierum
531 3618 667 3675 victeries
693 3618 798 3693 culpae
822 3636 892 3675 suae
921 3617 1098 3689 tribuebant,
1124 3617 1209 3692 quod

202 3728 292 3800 talem
316 3727 410 3796 virum
436 3729 453 3793 ξ
477 3724 593 3792 civitate
616 3724 804 3808 expulissent.
847 3724 955 3798 Neque
976 3722 1009 3780 id
1034 3723 1097 3787 sine
1119 3729 1210 3790 caus}
