<?xml version="1.0" encoding="UTF-8"?>
<!DOCTYPE html PUBLIC "-//W3C//DTD XHTML 1.0 Transitional//EN"
    "http://www.w3.org/TR/xhtml1/DTD/xhtml1-transitional.dtd">
<html xmlns="http://www.w3.org/1999/xhtml" xml:lang="en" lang="en">
 <head>
  <title>
</title>
<meta http-equiv="Content-Type" content="text/html;charset=utf-8" />
  <meta name='ocr-system' content='tesseract 3.04.00' />
  <meta name='ocr-capabilities' content='ocr_page ocr_carea ocr_par ocr_line ocrx_word'/>
</head>
<body>
  <div class='ocr_page' id='page_1' title='image "./corneliinepotis02nepogoog_0079.png"; bbox 0 0 2574 4146; ppageno 0'>
   <div class='ocr_carea' id='block_1_1' title="bbox 497 690 844 764">
    <p class='ocr_par' dir='ltr' id='par_1_1' title="bbox 497 690 844 764">
     <span class='ocr_line' id='line_1_1' title="bbox 497 690 844 764; baseline -0.003 -1"><span class='ocrx_word' id='word_1_1' title='bbox 497 706 551 763; x_wconf 85' lang='lat' dir='ltr'>xr.</span> <span class='ocrx_word' id='word_1_2' title='bbox 587 690 844 764; x_wconf 69' lang='lat' dir='ltr'>temerares.</span> 
     </span>
    </p>
   </div>
   <div class='ocr_carea' id='block_1_2' title="bbox 113 880 1174 3724">
    <p class='ocr_par' dir='ltr' id='par_1_2' title="bbox 167 880 1173 1286">
     <span class='ocr_line' id='line_1_2' title="bbox 209 880 1170 968; baseline 0 -18"><span class='ocrx_word' id='word_1_3' title='bbox 209 895 234 950; x_wconf 92' lang='grc' dir='ltr'>Ι.</span> <span class='ocrx_word' id='word_1_4' title='bbox 266 880 430 968; x_wconf 73' lang='lat' dir='ltr'>lphicrates</span> <span class='ocrx_word' id='word_1_5' title='bbox 455 892 641 950; x_wconf 88' lang='lat' dir='ltr'>Atheniensis</span> <span class='ocrx_word' id='word_1_6' title='bbox 665 897 726 950; x_wconf 77' lang='lat' dir='ltr'>nen</span> <span class='ocrx_word' id='word_1_7' title='bbox 754 902 814 950; x_wconf 92' lang='lat' dir='ltr'>tam</span> <span class='ocrx_word' id='word_1_8' title='bbox 844 891 1046 967; x_wconf 71' lang='lat' dir='ltr'>megnitfrdine</span> <span class='ocrx_word' id='word_1_9' title='bbox 1074 898 1170 952; x_wconf 88' lang='lat' dir='ltr'>rerum</span> 
     </span>
     <span class='ocr_line' id='line_1_3' title="bbox 167 997 1173 1074; baseline 0 -18"><span class='ocrx_word' id='word_1_10' title='bbox 167 1005 314 1074; x_wconf 72' lang='lat' dir='ltr'>gesterum</span> <span class='ocrx_word' id='word_1_11' title='bbox 342 1017 432 1073; x_wconf 89' lang='lat' dir='ltr'>quam</span> <span class='ocrx_word' id='word_1_12' title='bbox 460 998 615 1072; x_wconf 79' lang='lat' dir='ltr'>disciplina</span> <span class='ocrx_word' id='word_1_13' title='bbox 646 997 763 1055; x_wconf 74' lang='lat' dir='ltr'>militeri</span> <span class='ocrx_word' id='word_1_14' title='bbox 792 998 962 1055; x_wconf 76' lang='lat' dir='ltr'>nobilitetus</span> <span class='ocrx_word' id='word_1_15' title='bbox 994 1009 1048 1057; x_wconf 91' lang='lat' dir='ltr'>est.</span> <span class='ocrx_word' id='word_1_16' title='bbox 1105 1000 1173 1056; x_wconf 88' lang='lat' dir='ltr'><strong>Fuit</strong></span> 
     </span>
     <span class='ocr_line' id='line_1_4' title="bbox 167 1103 1173 1179; baseline 0.002 -18"><span class='ocrx_word' id='word_1_17' title='bbox 167 1105 248 1161; x_wconf 92' lang='lat' dir='ltr'>enim</span> <span class='ocrx_word' id='word_1_18' title='bbox 276 1105 340 1161; x_wconf 76' lang='lat' dir='ltr'>telis</span> <span class='ocrx_word' id='word_1_19' title='bbox 368 1103 438 1175; x_wconf 89' lang='lat' dir='ltr'>dux,</span> <span class='ocrx_word' id='word_1_20' title='bbox 466 1114 498 1162; x_wconf 93' lang='lat' dir='ltr'>ut</span> <span class='ocrx_word' id='word_1_21' title='bbox 525 1109 586 1161; x_wconf 83' lang='lat' dir='ltr'>nen</span> <span class='ocrx_word' id='word_1_22' title='bbox 614 1104 708 1161; x_wconf 81' lang='lat' dir='ltr'>selum</span> <span class='ocrx_word' id='word_1_23' title='bbox 737 1104 839 1161; x_wconf 62' lang='lat' dir='ltr'>aetitis</span> <span class='ocrx_word' id='word_1_24' title='bbox 872 1122 941 1161; x_wconf 90' lang='lat' dir='ltr'>suae</span> <span class='ocrx_word' id='word_1_25' title='bbox 971 1122 1040 1161; x_wconf 92' lang='lat' dir='ltr'>cum</span> <span class='ocrx_word' id='word_1_26' title='bbox 1072 1111 1173 1179; x_wconf 86' lang='lat' dir='ltr'>primis</span> 
     </span>
     <span class='ocr_line' id='line_1_5' title="bbox 167 1209 1172 1286; baseline 0.001 -19"><span class='ocrx_word' id='word_1_27' title='bbox 167 1214 396 1285; x_wconf 78' lang='lat' dir='ltr'>compareretur,</span> <span class='ocrx_word' id='word_1_28' title='bbox 425 1209 478 1267; x_wconf 90' lang='lat' dir='ltr'>sed</span> <span class='ocrx_word' id='word_1_29' title='bbox 509 1215 547 1267; x_wconf 90' lang='lat' dir='ltr'>ne</span> <span class='ocrx_word' id='word_1_30' title='bbox 578 1209 617 1267; x_wconf 90' lang='lat' dir='ltr'>de</span> <span class='ocrx_word' id='word_1_31' title='bbox 649 1209 807 1268; x_wconf 80' lang='lat' dir='ltr'>meieribus</span> <span class='ocrx_word' id='word_1_32' title='bbox 840 1215 909 1266; x_wconf 75' lang='lat' dir='ltr'>natu</span> <span class='ocrx_word' id='word_1_33' title='bbox 939 1209 1062 1283; x_wconf 90' lang='lat' dir='ltr'>quidem</span> <span class='ocrx_word' id='word_1_34' title='bbox 1092 1211 1172 1286; x_wconf 89' lang='lat' dir='ltr'>quis-</span> 
     </span>
    </p>

    <p class='ocr_par' dir='ltr' id='par_1_3' title="bbox 131 1315 1174 1814">
     <span class='ocr_line' id='line_1_6' title="bbox 131 1315 1172 1395; baseline 0.001 -21"><span class='ocrx_word' id='word_1_35' title='bbox 131 1339 141 1386; x_wconf 76' lang='grc' dir='ltr'>ς</span> <span class='ocrx_word' id='word_1_36' title='bbox 167 1335 255 1391; x_wconf 91' lang='lat' dir='ltr'>quam</span> <span class='ocrx_word' id='word_1_37' title='bbox 277 1320 514 1390; x_wconf 80' lang='lat' dir='ltr'>antepeneretur.</span> <span class='ocrx_word' id='word_1_38' title='bbox 558 1315 685 1372; x_wconf 92' lang='lat' dir='ltr'>Multum</span> <span class='ocrx_word' id='word_1_39' title='bbox 707 1320 778 1372; x_wconf 81' lang='lat' dir='ltr'>vere</span> <span class='ocrx_word' id='word_1_40' title='bbox 803 1315 833 1372; x_wconf 94' lang='lat' dir='ltr'>in</span> <span class='ocrx_word' id='word_1_41' title='bbox 858 1315 936 1372; x_wconf 84' lang='lat' dir='ltr'>belle</span> <span class='ocrx_word' id='word_1_42' title='bbox 961 1325 1005 1373; x_wconf 90' lang='lat' dir='ltr'>est</span> <span class='ocrx_word' id='word_1_43' title='bbox 1030 1322 1172 1395; x_wconf 69' lang='lat' dir='ltr'>versetus,</span> 
     </span>
     <span class='ocr_line' id='line_1_7' title="bbox 167 1421 1172 1498; baseline 0 -17"><span class='ocrx_word' id='word_1_44' title='bbox 167 1441 256 1497; x_wconf 88' lang='lat' dir='ltr'>saepe</span> <span class='ocrx_word' id='word_1_45' title='bbox 278 1422 454 1480; x_wconf 84' lang='lat' dir='ltr'>exercitibus</span> <span class='ocrx_word' id='word_1_46' title='bbox 476 1421 610 1495; x_wconf 87' lang='lat' dir='ltr'>praefuit,</span> <span class='ocrx_word' id='word_1_47' title='bbox 635 1439 778 1495; x_wconf 85' lang='lat' dir='ltr'>nusquam</span> <span class='ocrx_word' id='word_1_48' title='bbox 803 1421 890 1495; x_wconf 80' lang='lat' dir='ltr'>culpa</span> <span class='ocrx_word' id='word_1_49' title='bbox 915 1422 991 1478; x_wconf 91' lang='lat' dir='ltr'>male</span> <span class='ocrx_word' id='word_1_50' title='bbox 1016 1440 1080 1479; x_wconf 90' lang='lat' dir='ltr'>rem</span> <span class='ocrx_word' id='word_1_51' title='bbox 1105 1441 1172 1498; x_wconf 91' lang='lat' dir='ltr'>ges-</span> 
     </span>
     <span class='ocr_line' id='line_1_8' title="bbox 167 1527 1174 1603; baseline 0 -16"><span class='ocrx_word' id='word_1_52' title='bbox 167 1531 213 1601; x_wconf 89' lang='lat' dir='ltr'>sit,</span> <span class='ocrx_word' id='word_1_53' title='bbox 233 1548 351 1603; x_wconf 88' lang='lat' dir='ltr'>semper</span> <span class='ocrx_word' id='word_1_54' title='bbox 371 1528 494 1586; x_wconf 80' lang='lat' dir='ltr'>censilie</span> <span class='ocrx_word' id='word_1_55' title='bbox 515 1528 584 1584; x_wconf 91' lang='lat' dir='ltr'>vicit</span> <span class='ocrx_word' id='word_1_56' title='bbox 605 1537 778 1601; x_wconf 89' lang='lat' dir='ltr'>tantumque</span> <span class='ocrx_word' id='word_1_57' title='bbox 800 1532 836 1583; x_wconf 80' lang='lat' dir='ltr'>ee</span> <span class='ocrx_word' id='word_1_58' title='bbox 858 1527 955 1597; x_wconf 90' lang='lat' dir='ltr'>valuit,</span> <span class='ocrx_word' id='word_1_59' title='bbox 974 1538 1006 1584; x_wconf 95' lang='lat' dir='ltr'>ut</span> <span class='ocrx_word' id='word_1_60' title='bbox 1027 1528 1121 1585; x_wconf 88' lang='lat' dir='ltr'>multa</span> <span class='ocrx_word' id='word_1_61' title='bbox 1143 1529 1174 1587; x_wconf 92' lang='lat' dir='ltr'>in</span> 
     </span>
     <span class='ocr_line' id='line_1_9' title="bbox 167 1632 1172 1708; baseline 0.001 -17"><span class='ocrx_word' id='word_1_62' title='bbox 167 1641 198 1692; x_wconf 91' lang='lat' dir='ltr'>re</span> <span class='ocrx_word' id='word_1_63' title='bbox 226 1635 342 1691; x_wconf 75' lang='lat' dir='ltr'>militeri</span> <span class='ocrx_word' id='word_1_64' title='bbox 369 1634 475 1708; x_wconf 92' lang='lat' dir='ltr'>partim</span> <span class='ocrx_word' id='word_1_65' title='bbox 504 1651 580 1690; x_wconf 92' lang='lat' dir='ltr'>nova</span> <span class='ocrx_word' id='word_1_66' title='bbox 608 1633 745 1702; x_wconf 89' lang='lat' dir='ltr'>attulerit,</span> <span class='ocrx_word' id='word_1_67' title='bbox 768 1632 875 1707; x_wconf 88' lang='lat' dir='ltr'>partim</span> <span class='ocrx_word' id='word_1_68' title='bbox 904 1632 1027 1690; x_wconf 77' lang='lat' dir='ltr'>meliera</span> <span class='ocrx_word' id='word_1_69' title='bbox 1051 1634 1172 1692; x_wconf 87' lang='lat' dir='ltr'>fecerit.</span> 
     </span>
     <span class='ocr_line' id='line_1_10' title="bbox 167 1739 1173 1814; baseline -0.001 -17"><span class='ocrx_word' id='word_1_70' title='bbox 167 1742 305 1814; x_wconf 86' lang='lat' dir='ltr'>Namque</span> <span class='ocrx_word' id='word_1_71' title='bbox 333 1740 381 1796; x_wconf 93' lang='lat' dir='ltr'>ille</span> <span class='ocrx_word' id='word_1_72' title='bbox 409 1739 558 1813; x_wconf 89' lang='lat' dir='ltr'>pedestria</span> <span class='ocrx_word' id='word_1_73' title='bbox 585 1757 666 1795; x_wconf 89' lang='lat' dir='ltr'>arma</span> <span class='ocrx_word' id='word_1_74' title='bbox 694 1739 824 1795; x_wconf 63' lang='lat' dir='ltr'>mutivit.</span> <span class='ocrx_word' id='word_1_75' title='bbox 880 1739 957 1796; x_wconf 90' lang='lat' dir='ltr'>Cum</span> <span class='ocrx_word' id='word_1_76' title='bbox 987 1749 1055 1796; x_wconf 90' lang='lat' dir='ltr'>ante</span> <span class='ocrx_word' id='word_1_77' title='bbox 1087 1739 1173 1796; x_wconf 93' lang='lat' dir='ltr'>illum</span> 
     </span>
    </p>

    <p class='ocr_par' dir='ltr' id='par_1_4' title="bbox 118 1844 1173 2344">
     <span class='ocr_line' id='line_1_11' title="bbox 118 1844 1173 1920; baseline 0 -16"><span class='ocrx_word' id='word_1_78' title='bbox 118 1875 143 1904; x_wconf 91' lang='lat'>10</span> <span class='ocrx_word' id='word_1_79' title='bbox 166 1847 375 1920; x_wconf 74' lang='lat' dir='ltr'>impereterem</span> <span class='ocrx_word' id='word_1_80' title='bbox 414 1845 547 1902; x_wconf 74' lang='lat' dir='ltr'>menimis</span> <span class='ocrx_word' id='word_1_81' title='bbox 585 1845 696 1918; x_wconf 84' lang='lat' dir='ltr'>clipeis,</span> <span class='ocrx_word' id='word_1_82' title='bbox 736 1844 872 1902; x_wconf 90' lang='lat' dir='ltr'>brevibus</span> <span class='ocrx_word' id='word_1_83' title='bbox 910 1844 1009 1916; x_wconf 64' lang='lat' dir='ltr'>hastis</span> <span class='ocrx_word' id='word_1_84' title='bbox 1050 1845 1173 1904; x_wconf 79' lang='lat' dir='ltr'>minutis</span> 
     </span>
     <span class='ocr_line' id='line_1_12' title="bbox 165 1949 1173 2026; baseline 0 -18"><span class='ocrx_word' id='word_1_85' title='bbox 165 1952 268 2026; x_wconf 89' lang='lat' dir='ltr'>gladiis</span> <span class='ocrx_word' id='word_1_86' title='bbox 292 1954 451 2020; x_wconf 77' lang='lat' dir='ltr'>fiterentur,</span> <span class='ocrx_word' id='word_1_87' title='bbox 473 1950 521 2006; x_wconf 93' lang='lat' dir='ltr'>ille</span> <span class='ocrx_word' id='word_1_88' title='bbox 546 1954 563 2006; x_wconf 92' lang='lat' dir='ltr'>e</span> <span class='ocrx_word' id='word_1_89' title='bbox 587 1950 734 2007; x_wconf 79' lang='lat' dir='ltr'>contrerie</span> <span class='ocrx_word' id='word_1_90' title='bbox 760 1949 870 2023; x_wconf 92' lang='lat' dir='ltr'>peltam</span> <span class='ocrx_word' id='word_1_91' title='bbox 892 1955 946 2024; x_wconf 81' lang='lat' dir='ltr'>pre</span> <span class='ocrx_word' id='word_1_92' title='bbox 967 1956 1070 2023; x_wconf 78' lang='lat' dir='ltr'>parme</span> <span class='ocrx_word' id='word_1_93' title='bbox 1092 1950 1108 2007; x_wconf 96' lang='lat' dir='ltr'>f</span> <span class='ocrx_word' id='word_1_94' title='bbox 1111 1952 1173 2008; x_wconf 91' lang='lat' dir='ltr'>ecit</span> 
     </span>
     <span class='ocr_line' id='line_1_13' title="bbox 164 2054 1172 2131; baseline 0.003 -18"><span class='ocrx_word' id='word_1_95' title='bbox 164 2063 232 2113; x_wconf 78' lang='lat' dir='ltr'>—a</span> <span class='ocrx_word' id='word_1_96' title='bbox 259 2062 318 2131; x_wconf 81' lang='lat' dir='ltr'>quo</span> <span class='ocrx_word' id='word_1_97' title='bbox 346 2061 451 2130; x_wconf 73' lang='lat' dir='ltr'>postee</span> <span class='ocrx_word' id='word_1_98' title='bbox 478 2056 620 2130; x_wconf 87' lang='lat' dir='ltr'>peltastae</span> <span class='ocrx_word' id='word_1_99' title='bbox 649 2054 765 2129; x_wconf 75' lang='lat' dir='ltr'>pedites</span> <span class='ocrx_word' id='word_1_100' title='bbox 793 2056 1107 2129; x_wconf 79' lang='lat' dir='ltr'>appellebantur-—ut</span> <span class='ocrx_word' id='word_1_101' title='bbox 1132 2059 1172 2116; x_wconf 90' lang='lat' dir='ltr'>ad</span> 
     </span>
     <span class='ocr_line' id='line_1_14' title="bbox 166 2161 1170 2235; baseline 0 -15"><span class='ocrx_word' id='word_1_102' title='bbox 166 2168 262 2220; x_wconf 80' lang='lat' dir='ltr'>metus</span> <span class='ocrx_word' id='word_1_103' title='bbox 294 2167 512 2235; x_wconf 80' lang='lat' dir='ltr'>concursusque</span> <span class='ocrx_word' id='word_1_104' title='bbox 544 2172 642 2218; x_wconf 86' lang='lat' dir='ltr'>essent</span> <span class='ocrx_word' id='word_1_105' title='bbox 669 2161 803 2232; x_wconf 80' lang='lat' dir='ltr'>levieres,</span> <span class='ocrx_word' id='word_1_106' title='bbox 832 2162 932 2218; x_wconf 87' lang='lat' dir='ltr'>hastae</span> <span class='ocrx_word' id='word_1_107' title='bbox 962 2162 1086 2220; x_wconf 93' lang='lat' dir='ltr'>modum</span> <span class='ocrx_word' id='word_1_108' title='bbox 1116 2163 1170 2220; x_wconf 92' lang='lat' dir='ltr'>du-</span> 
     </span>
     <span class='ocr_line' id='line_1_15' title="bbox 166 2255 1171 2344; baseline 0.002 -18"><span class='ocrx_word' id='word_1_109' title='bbox 166 2271 293 2344; x_wconf 83' lang='lat' dir='ltr'>plicavit,</span> <span class='ocrx_word' id='word_1_110' title='bbox 321 2269 435 2344; x_wconf 79' lang='lat' dir='ltr'>gladies</span> <span class='ocrx_word' id='word_1_111' title='bbox 462 2269 609 2343; x_wconf 82' lang='lat' dir='ltr'>longieres</span> <span class='ocrx_word' id='word_1_112' title='bbox 637 2269 721 2325; x_wconf 91' lang='lat' dir='ltr'>fecit.</span> <span class='ocrx_word' id='word_1_113' title='bbox 777 2255 864 2326; x_wconf 77' lang='lat' dir='ltr'>ldem</span> <span class='ocrx_word' id='word_1_114' title='bbox 892 2287 984 2344; x_wconf 87' lang='lat' dir='ltr'>genus</span> <span class='ocrx_word' id='word_1_115' title='bbox 1012 2270 1171 2328; x_wconf 65' lang='lat' dir='ltr'>loricarum</span> 
     </span>
    </p>

    <p class='ocr_par' dir='ltr' id='par_1_5' title="bbox 117 2375 1170 2872">
     <span class='ocr_line' id='line_1_16' title="bbox 117 2375 1169 2449; baseline 0.003 -17"><span class='ocrx_word' id='word_1_116' title='bbox 117 2401 140 2448; x_wconf 78' lang='lat'>15</span> <span class='ocrx_word' id='word_1_117' title='bbox 165 2394 274 2433; x_wconf 89' lang='lat' dir='ltr'>novum</span> <span class='ocrx_word' id='word_1_118' title='bbox 302 2376 426 2433; x_wconf 89' lang='lat' dir='ltr'>instituit</span> <span class='ocrx_word' id='word_1_119' title='bbox 451 2385 481 2432; x_wconf 91' lang='lat' dir='ltr'>et</span> <span class='ocrx_word' id='word_1_120' title='bbox 509 2379 563 2448; x_wconf 82' lang='lat' dir='ltr'>pre</span> <span class='ocrx_word' id='word_1_121' title='bbox 591 2381 674 2431; x_wconf 92' lang='lat' dir='ltr'>sertis</span> <span class='ocrx_word' id='word_1_122' title='bbox 702 2384 790 2449; x_wconf 92' lang='lat' dir='ltr'>atque</span> <span class='ocrx_word' id='word_1_123' title='bbox 818 2379 916 2432; x_wconf 90' lang='lat' dir='ltr'>aeneis</span> <span class='ocrx_word' id='word_1_124' title='bbox 944 2375 1048 2432; x_wconf 77' lang='lat' dir='ltr'>lintees</span> <span class='ocrx_word' id='word_1_125' title='bbox 1073 2375 1169 2435; x_wconf 91' lang='lat' dir='ltr'>dedit.</span> 
     </span>
     <span class='ocr_line' id='line_1_17' title="bbox 166 2479 1170 2556; baseline 0.002 -18"><span class='ocrx_word' id='word_1_126' title='bbox 166 2481 234 2554; x_wconf 80' lang='lat' dir='ltr'>Que</span> <span class='ocrx_word' id='word_1_127' title='bbox 263 2482 342 2539; x_wconf 80' lang='lat' dir='ltr'>facte</span> <span class='ocrx_word' id='word_1_128' title='bbox 375 2479 572 2555; x_wconf 78' lang='lat' dir='ltr'>expeditieres</span> <span class='ocrx_word' id='word_1_129' title='bbox 605 2480 711 2537; x_wconf 89' lang='lat' dir='ltr'>milites</span> <span class='ocrx_word' id='word_1_130' title='bbox 743 2479 873 2538; x_wconf 89' lang='lat' dir='ltr'>reddidit</span> <span class='ocrx_word' id='word_1_131' title='bbox 884 2501 892 2552; x_wconf 84' lang='lat'>;</span> <span class='ocrx_word' id='word_1_132' title='bbox 927 2499 997 2538; x_wconf 90' lang='lat' dir='ltr'>nam</span> <span class='ocrx_word' id='word_1_133' title='bbox 1033 2482 1170 2556; x_wconf 90' lang='lat' dir='ltr'>pondere</span> 
     </span>
     <span class='ocr_line' id='line_1_18' title="bbox 165 2586 1169 2661; baseline 0.002 -17"><span class='ocrx_word' id='word_1_134' title='bbox 165 2586 309 2659; x_wconf 67' lang='lat' dir='ltr'>detrectet,</span> <span class='ocrx_word' id='word_1_135' title='bbox 329 2587 411 2661; x_wconf 92' lang='lat' dir='ltr'>quod</span> <span class='ocrx_word' id='word_1_136' title='bbox 432 2591 527 2660; x_wconf 89' lang='lat' dir='ltr'>aeque</span> <span class='ocrx_word' id='word_1_137' title='bbox 548 2603 656 2660; x_wconf 87' lang='lat' dir='ltr'>corpus</span> <span class='ocrx_word' id='word_1_138' title='bbox 678 2596 789 2660; x_wconf 87' lang='lat' dir='ltr'>tegeret</span> <span class='ocrx_word' id='word_1_139' title='bbox 811 2597 840 2644; x_wconf 91' lang='lat' dir='ltr'>et</span> <span class='ocrx_word' id='word_1_140' title='bbox 861 2587 925 2643; x_wconf 89' lang='lat' dir='ltr'>leve</span> <span class='ocrx_word' id='word_1_141' title='bbox 948 2596 1025 2644; x_wconf 88' lang='lat' dir='ltr'>esset</span> <span class='ocrx_word' id='word_1_142' title='bbox 1047 2589 1169 2646; x_wconf 71' lang='lat' dir='ltr'>cerevit.</span> 
     </span>
     <span class='ocr_line' id='line_1_19' title="bbox 181 2692 1168 2767; baseline 0 -15"><span class='ocrx_word' id='word_1_143' title='bbox 181 2696 247 2758; x_wconf 61' lang='grc' dir='ltr'>4ΙΙ.</span> <span class='ocrx_word' id='word_1_144' title='bbox 278 2695 392 2751; x_wconf 89' lang='lat' dir='ltr'>Bellum</span> <span class='ocrx_word' id='word_1_145' title='bbox 426 2711 494 2749; x_wconf 94' lang='lat' dir='ltr'>cum</span> <span class='ocrx_word' id='word_1_146' title='bbox 528 2692 710 2750; x_wconf 90' lang='lat' dir='ltr'>Thraecibus</span> <span class='ocrx_word' id='word_1_147' title='bbox 744 2693 841 2767; x_wconf 87' lang='lat' dir='ltr'>gessit,</span> <span class='ocrx_word' id='word_1_148' title='bbox 873 2693 1023 2765; x_wconf 87' lang='lat' dir='ltr'>Seuthem,</span> <span class='ocrx_word' id='word_1_149' title='bbox 1054 2694 1168 2752; x_wconf 90' lang='lat' dir='ltr'>socium</span> 
     </span>
     <span class='ocr_line' id='line_1_20' title="bbox 165 2798 1170 2872; baseline 0.001 -15"><span class='ocrx_word' id='word_1_150' title='bbox 165 2799 398 2871; x_wconf 73' lang='lat' dir='ltr'>Atheniensium,</span> <span class='ocrx_word' id='word_1_151' title='bbox 413 2800 443 2855; x_wconf 93' lang='lat' dir='ltr'>in</span> <span class='ocrx_word' id='word_1_152' title='bbox 465 2803 586 2872; x_wconf 91' lang='lat' dir='ltr'>regnum</span> <span class='ocrx_word' id='word_1_153' title='bbox 607 2798 740 2855; x_wconf 88' lang='lat' dir='ltr'>restituit.</span> <span class='ocrx_word' id='word_1_154' title='bbox 783 2798 871 2872; x_wconf 91' lang='lat' dir='ltr'>Apud</span> <span class='ocrx_word' id='word_1_155' title='bbox 890 2798 1067 2857; x_wconf 86' lang='lat' dir='ltr'>Corinthum</span> <span class='ocrx_word' id='word_1_156' title='bbox 1086 2806 1170 2858; x_wconf 74' lang='lat' dir='ltr'>tante</span> 
     </span>
    </p>

    <p class='ocr_par' dir='ltr' id='par_1_6' title="bbox 115 2904 1169 3403">
     <span class='ocr_line' id='line_1_21' title="bbox 115 2904 1169 2979; baseline 0 -15"><span class='ocrx_word' id='word_1_157' title='bbox 115 2935 142 2965; x_wconf 90' lang='lat'>20</span> <span class='ocrx_word' id='word_1_158' title='bbox 164 2906 317 2963; x_wconf 79' lang='lat' dir='ltr'>severitate</span> <span class='ocrx_word' id='word_1_159' title='bbox 339 2905 479 2962; x_wconf 88' lang='lat' dir='ltr'>exercitui</span> <span class='ocrx_word' id='word_1_160' title='bbox 499 2904 634 2978; x_wconf 86' lang='lat' dir='ltr'>praefuit,</span> <span class='ocrx_word' id='word_1_161' title='bbox 656 2915 688 2961; x_wconf 95' lang='lat' dir='ltr'>ut</span> <span class='ocrx_word' id='word_1_162' title='bbox 709 2905 804 2962; x_wconf 79' lang='lat' dir='ltr'>nullae</span> <span class='ocrx_word' id='word_1_163' title='bbox 825 2923 966 2979; x_wconf 93' lang='lat' dir='ltr'>umquam</span> <span class='ocrx_word' id='word_1_164' title='bbox 988 2904 1019 2962; x_wconf 92' lang='lat' dir='ltr'>in</span> <span class='ocrx_word' id='word_1_165' title='bbox 1040 2907 1169 2965; x_wconf 72' lang='lat' dir='ltr'>Graecie</span> 
     </span>
     <span class='ocr_line' id='line_1_22' title="bbox 164 3010 1169 3086; baseline 0.002 -18"><span class='ocrx_word' id='word_1_166' title='bbox 164 3029 261 3086; x_wconf 91' lang='lat' dir='ltr'>neque</span> <span class='ocrx_word' id='word_1_167' title='bbox 290 3011 506 3068; x_wconf 77' lang='lat' dir='ltr'>exercitetieres</span> <span class='ocrx_word' id='word_1_168' title='bbox 534 3011 640 3084; x_wconf 77' lang='lat' dir='ltr'>cepiae</span> <span class='ocrx_word' id='word_1_169' title='bbox 664 3028 760 3084; x_wconf 91' lang='lat' dir='ltr'>neque</span> <span class='ocrx_word' id='word_1_170' title='bbox 786 3010 878 3085; x_wconf 89' lang='lat' dir='ltr'>magis</span> <span class='ocrx_word' id='word_1_171' title='bbox 903 3011 985 3068; x_wconf 82' lang='lat' dir='ltr'>dicte</span> <span class='ocrx_word' id='word_1_172' title='bbox 1012 3013 1169 3071; x_wconf 87' lang='lat' dir='ltr'>audientes</span> 
     </span>
     <span class='ocr_line' id='line_1_23' title="bbox 165 3115 1167 3190; baseline 0.001 -17"><span class='ocrx_word' id='word_1_173' title='bbox 165 3117 271 3175; x_wconf 89' lang='lat' dir='ltr'>fuerint</span> <span class='ocrx_word' id='word_1_174' title='bbox 296 3116 374 3187; x_wconf 91' lang='lat' dir='ltr'>duci,</span> <span class='ocrx_word' id='word_1_175' title='bbox 400 3117 430 3173; x_wconf 93' lang='lat' dir='ltr'>in</span> <span class='ocrx_word' id='word_1_176' title='bbox 454 3134 579 3190; x_wconf 86' lang='lat' dir='ltr'>eamque</span> <span class='ocrx_word' id='word_1_177' title='bbox 608 3115 852 3173; x_wconf 80' lang='lat' dir='ltr'>censuetudinem</span> <span class='ocrx_word' id='word_1_178' title='bbox 879 3116 1003 3174; x_wconf 79' lang='lat' dir='ltr'>adduxit</span> <span class='ocrx_word' id='word_1_179' title='bbox 1030 3127 1071 3190; x_wconf 85' lang='lat' dir='ltr'>ut,</span> <span class='ocrx_word' id='word_1_180' title='bbox 1098 3137 1167 3176; x_wconf 91' lang='lat' dir='ltr'>cum</span> 
     </span>
     <span class='ocr_line' id='line_1_24' title="bbox 164 3221 1167 3297; baseline 0.003 -19"><span class='ocrx_word' id='word_1_181' title='bbox 164 3223 268 3296; x_wconf 86' lang='lat' dir='ltr'>proelii</span> <span class='ocrx_word' id='word_1_182' title='bbox 300 3228 415 3297; x_wconf 88' lang='lat' dir='ltr'>signum</span> <span class='ocrx_word' id='word_1_183' title='bbox 443 3222 482 3280; x_wconf 88' lang='lat' dir='ltr'>ab</span> <span class='ocrx_word' id='word_1_184' title='bbox 516 3222 695 3296; x_wconf 80' lang='lat' dir='ltr'>imperetere</span> <span class='ocrx_word' id='word_1_185' title='bbox 731 3231 807 3279; x_wconf 89' lang='lat' dir='ltr'>esset</span> <span class='ocrx_word' id='word_1_186' title='bbox 842 3221 954 3293; x_wconf 90' lang='lat' dir='ltr'>datum,</span> <span class='ocrx_word' id='word_1_187' title='bbox 983 3223 1047 3280; x_wconf 92' lang='lat' dir='ltr'>sine</span> <span class='ocrx_word' id='word_1_188' title='bbox 1083 3223 1167 3281; x_wconf 87' lang='lat' dir='ltr'>ducis</span> 
     </span>
     <span class='ocr_line' id='line_1_25' title="bbox 164 3326 1167 3403; baseline 0.001 -17"><span class='ocrx_word' id='word_1_189' title='bbox 164 3333 255 3402; x_wconf 77' lang='lat' dir='ltr'>opere</span> <span class='ocrx_word' id='word_1_190' title='bbox 281 3333 323 3385; x_wconf 93' lang='lat' dir='ltr'>sic</span> <span class='ocrx_word' id='word_1_191' title='bbox 351 3326 503 3384; x_wconf 71' lang='lat' dir='ltr'>erdinetae</span> <span class='ocrx_word' id='word_1_192' title='bbox 531 3328 733 3398; x_wconf 78' lang='lat' dir='ltr'>censisterent,</span> <span class='ocrx_word' id='word_1_193' title='bbox 755 3337 788 3385; x_wconf 92' lang='lat' dir='ltr'>ut</span> <span class='ocrx_word' id='word_1_194' title='bbox 815 3328 919 3403; x_wconf 85' lang='lat' dir='ltr'>singuli</span> <span class='ocrx_word' id='word_1_195' title='bbox 943 3334 961 3385; x_wconf 76' lang='lat' dir='ltr'>e</span> <span class='ocrx_word' id='word_1_196' title='bbox 987 3329 1167 3403; x_wconf 81' lang='lat' dir='ltr'>peritissime</span> 
     </span>
    </p>

    <p class='ocr_par' dir='ltr' id='par_1_7' title="bbox 113 3431 1166 3724">
     <span class='ocr_line' id='line_1_26' title="bbox 113 3431 1166 3515; baseline 0.005 -26"><span class='ocrx_word' id='word_1_197' title='bbox 113 3468 139 3515; x_wconf 81' lang='lat'>25</span> <span class='ocrx_word' id='word_1_198' title='bbox 163 3434 342 3507; x_wconf 75' lang='lat' dir='ltr'>imperetere</span> <span class='ocrx_word' id='word_1_199' title='bbox 377 3432 512 3506; x_wconf 90' lang='lat' dir='ltr'>dispositi</span> <span class='ocrx_word' id='word_1_200' title='bbox 545 3432 723 3490; x_wconf 89' lang='lat' dir='ltr'>viderentur.</span> <span class='ocrx_word' id='word_1_201' title='bbox 780 3435 850 3491; x_wconf 79' lang='lat' dir='ltr'>Hec</span> <span class='ocrx_word' id='word_1_202' title='bbox 885 3435 1016 3493; x_wconf 78' lang='lat' dir='ltr'>exercitii</span> <span class='ocrx_word' id='word_1_203' title='bbox 1051 3431 1166 3494; x_wconf 82' lang='lat' dir='ltr'>mo&#39;ram</span> 
     </span>
     <span class='ocr_line' id='line_1_27' title="bbox 164 3538 1165 3614; baseline 0.004 -18"><span class='ocrx_word' id='word_1_204' title='bbox 164 3538 468 3597; x_wconf 79' lang='lat' dir='ltr'>Lacedaemonierum</span> <span class='ocrx_word' id='word_1_205' title='bbox 493 3538 653 3610; x_wconf 84' lang='lat' dir='ltr'>interfecit,</span> <span class='ocrx_word' id='word_1_206' title='bbox 679 3539 760 3614; x_wconf 90' lang='lat' dir='ltr'>quod</span> <span class='ocrx_word' id='word_1_207' title='bbox 789 3542 916 3598; x_wconf 74' lang='lat' dir='ltr'>mexime</span> <span class='ocrx_word' id='word_1_208' title='bbox 945 3547 1009 3600; x_wconf 75' lang='lat' dir='ltr'>tote</span> <span class='ocrx_word' id='word_1_209' title='bbox 1036 3543 1165 3602; x_wconf 77' lang='lat' dir='ltr'>celebre-</span> 
     </span>
     <span class='ocr_line' id='line_1_28' title="bbox 164 3645 1165 3724; baseline 0.004 -22"><span class='ocrx_word' id='word_1_210' title='bbox 164 3655 225 3702; x_wconf 93' lang='lat' dir='ltr'>tum</span> <span class='ocrx_word' id='word_1_211' title='bbox 257 3655 302 3702; x_wconf 90' lang='lat' dir='ltr'>est</span> <span class='ocrx_word' id='word_1_212' title='bbox 333 3645 466 3704; x_wconf 74' lang='lat' dir='ltr'>Graecia.</span> <span class='ocrx_word' id='word_1_213' title='bbox 524 3646 634 3703; x_wconf 93' lang='lat' dir='ltr'>Iterum</span> <span class='ocrx_word' id='word_1_214' title='bbox 667 3647 774 3704; x_wconf 79' lang='lat' dir='ltr'>eodem</span> <span class='ocrx_word' id='word_1_215' title='bbox 810 3647 888 3704; x_wconf 83' lang='lat' dir='ltr'>belle</span> <span class='ocrx_word' id='word_1_216' title='bbox 923 3654 1028 3707; x_wconf 86' lang='lat' dir='ltr'>omnes</span> <span class='ocrx_word' id='word_1_217' title='bbox 1063 3650 1165 3724; x_wconf 73' lang='lat' dir='ltr'>cepies</span> 
     </span>
    </p>
   </div>
   <div class='ocr_carea' id='block_1_3' title="bbox 628 3781 656 3833">
    <p class='ocr_par' dir='ltr' id='par_1_8' title="bbox 628 3781 656 3833">
     <span class='ocr_line' id='line_1_29' title="bbox 628 3781 656 3833; baseline 0 -17"><span class='ocrx_word' id='word_1_218' title='bbox 628 3781 656 3833; x_wconf 79' lang='lat'>52</span> 
     </span>
    </p>
   </div>
   <div class='ocr_carea' id='block_1_4' title="bbox 0 0 1292 4146">
    <p class='ocr_par' dir='ltr' id='par_1_9' title="bbox 0 0 1292 4146">
     <span class='ocr_line' id='line_1_30' title="bbox 0 0 1292 4146; baseline 0 4"><span class='ocrx_word' id='word_1_219' title='bbox 0 0 1292 4146; x_wconf 95' lang='lat' dir='ltr'> </span> 
     </span>
    </p>
   </div>
  </div>
 </body>
</html>
