2574 4146
58 107 158 172 v.‚v1.]
463 105 719 158 nmmmnnns
1074 115 1112 177 71

50 279 113 338 sed
140 279 247 339 modus
275 278 462 338 adhibendus
490 289 544 352 est,
573 280 713 354 quoniam
742 282 801 338 fine
829 280 887 338 hec
915 281 1064 341 volemine

12 462 15 466 ἠ
44 391 147 443 vitam
172 386 380 443 excellentium
405 385 534 443 viremm
561 386 757 460 complurium
786 386 965 444 concludere
993 392 1064 445 cen-

48 491 213 562 stituimus,
243 496 369 565 querum
397 495 443 548 res
472 491 629 568 separatim
659 491 757 548 multis
784 490 901 550 milibus
929 510 1064 550 versuum

47 596 227 671 compleres
248 601 405 671 scriptores
427 607 495 654 ante
517 602 572 654 nes
594 597 785 671 explicerunt.

96 704 132 760 V.
162 702 231 759 Fuit
252 703 342 759 etiam
364 701 499 774 disertus,
519 707 662 760 utneme
684 709 712 761 ei
731 702 892 760 Thebenns
913 707 966 777 per
988 713 1065 760 esset
1086 728 1096 776 5

47 808 237 882 eloquentia,
265 826 363 883 neque
392 809 488 867 minus
515 809 678 866 concinnus
705 809 736 866 in
767 808 910 866 brevitete
942 826 1063 883 respon-

49 912 149 971 dendi
177 931 267 987 quam
296 913 326 970 in
354 920 497 989 perpetue
525 914 657 971 eretiene
686 919 814 972 emetus.
869 913 983 971 Habuit
1011 914 1063 972 ob·

51 1024 247 1077 trecteterem
287 1020 478 1077 Menecliden
514 1019 674 1094 quendam,
711 1018 845 1078 indidem
882 1020 1002 1090 Thebis,
1035 1030 1064 1078 et

54 1124 256 1183 adverserium
278 1124 309 1182 in
329 1123 561 1183 administrandi
582 1129 612 1183 re
634 1124 762 1199 pfiblica
781 1125 849 1183 satis
871 1126 1063 1184 exercitatum

55 1229 87 1287 in
107 1229 249 1302 dicende,
271 1241 304 1287 ut
324 1231 499 1289 Thebenum
521 1231 652 1302 scilicet;
681 1247 810 1305 namque
833 1230 872 1287 illi
893 1237 974 1304 genti
998 1231 1063 1306 plus
1088 1255 1114 1285 10

58 1336 132 1394 inest
155 1337 260 1394 virium
286 1354 375 1410 quam
397 1336 516 1412 ingenii.
558 1338 589 1394 Is
613 1335 695 1410 quod
718 1336 749 1394 in
769 1341 802 1394 re
823 1337 938 1394 militen
960 1337 1063 1395 flerere

60 1442 300 1517 Epaminendam
348 1441 477 1514 videbat,
520 1441 629 1500 horteri
676 1441 790 1500 solebat
830 1441 990 1500 Thebanos
1031 1453 1064 1501 ut

60 1553 163 1621 pecem
187 1547 267 1606 belle
291 1547 480 1619 anteferrent,
502 1551 540 1604 ne
565 1547 639 1604 illius
664 1547 849 1622 impereteris
874 1566 965 1622 opera
987 1548 1062 1607 desi·

60 1652 214 1711 deterretur.
260 1652 342 1710 Huic
367 1653 415 1710 ille
440 1652 585 1724 “Fallis,”
610 1653 714 1727 inquit,
740 1653 858 1712 “verbe
885 1658 962 1712 cives
987 1659 1062 1726 tues,

61 1759 138 1832 qnod
167 1764 219 1817 ees
246 1764 265 1816 e
292 1758 371 1816 belle
399 1763 525 1829 avoces,
559 1759 612 1814 etii
640 1759 719 1814 enim
747 1758 868 1816 nomine
893 1760 1062 1817 servinitem
1087 1782 1111 1828 ¹5

61 1865 215 1936 concilies3
243 1882 313 1921 nam
337 1864 449 1938 paritur
472 1869 530 1938 pex
554 1863 642 1920 belle.
685 1865 790 1938 Itaque
816 1870 866 1939 qui
890 1870 926 1921 ee
950 1864 1064 1923 dietine

61 1970 159 2028 volunt
179 1970 244 2040 frui,
266 1970 345 2027 bello
366 1969 518 2028 exerciteti
542 1987 605 2026 esse
631 1967 752 2027 debent.
795 1969 863 2042 Que
883 1974 915 2027 re
939 1975 963 2027 si
984 1977 1061 2044 prin-

62 2075 138 2150 cipes
174 2075 319 2134 Graeciae
354 2076 439 2133 vultis
475 2093 548 2147 esse,
580 2080 681 2132 castris
717 2085 761 2132 est
795 2076 877 2132 vebis
908 2075 1062 2148 suendum,

61 2186 116 2239 nen
136 2182 312 2257 palaestra’'
353 2167 442 2239 ldem
463 2181 510 2238 ille
533 2180 717 2239 Meneclides
738 2199 807 2238 cum
828 2180 896 2238 huic
918 2181 1061 2253 obiceret,

61 2287 138 2360 quod
167 2287 274 2344 liberes
302 2291 361 2343 nen
389 2286 512 2344 haberet
540 2304 636 2361 neque
665 2291 786 2343 uxerem
816 2286 955 2357 duxisset,
981 2293 1060 2344 mex·
1085 2322 1112 2354 20

61 2391 174 2467 imeque
195 2392 393 2463 insolentiam,
414 2390 495 2466 quod
515 2391 571 2449 sibi
592 2391 822 2466 Agamemnonis
847 2391 916 2449 belli
939 2392 1062 2466 gleriam

61 2497 206 2556 videretur
233 2502 428 2554 consecutus:
461 2507 491 2553 at
519 2497 567 2554 ille
595 2497 766 2568 “Desine”
795 2497 897 2570 inquit,
928 2499 1060 2556 “Mene-

62 2602 142 2675 clida,
169 2602 209 2661 de
231 2607 323 2660 uxore
348 2603 419 2659 mihi
445 2602 640 2677 exprobrare,
670 2620 737 2659 nam
763 2603 868 2660 millius
893 2603 922 2660 in
951 2603 1006 2660 ista
1030 2609 1062 2662 re

62 2709 152 2766 minus
175 2713 218 2766 eti
241 2708 366 2766 censilie
390 2708 487 2765 vole.”
530 2708 672 2765 Habebat
694 2709 773 2765 enim
795 2707 979 2766 Meneclides
1001 2712 1077 2767 sus-'

62 2815 206 2887 picienem
238 2814 382 2871 adulterii.
438 2812 556 2886 “Quod
588 2825 686 2872 autem
722 2819 771 2872 me
805 2816 1060 2888 Agamemnonem
1085 2836 1111 2882 ²5

62 2920 197 2977 aemuleri
237 2925 331 2993 putes,
371 2919 485 2977 falleris.
549 2920 686 2993 Namque
727 2921 775 2977 ille
817 2938 886 2977 cum
927 2920 1063 2979 universa

64 3023 183 3083 Graeciae
210 3024 258 3081 vix
282 3023 387 3082 decem
414 3029 496 3082 annis
520 3029 610 3082 enam
635 3026 715 3099 cepit
740 3025 853 3094 urbem,
879 3042 935 3099 ego
959 3032 1063 3085 contre

64 3146 93 3187 ea
111 3136 170 3190 ene
191 3131 264 3188 urbe
286 3136 385 3188 nostre
406 3129 515 3205 dieque
537 3135 596 3187 fine
618 3135 711 3187 totam
733 3131 890 3188 Graeciam
914 3131 1062 3190 Lacedae-

65 3237 161 3294 moniis
183 3236 290 3312 fugetis
311 3236 458 3294 liberavi.”

96 3343 148 3399 Vl.
177 3327 266 3399 ldem
289 3359 357 3398 cum
379 3341 409 3397 in
431 3350 611 3398 conventum
633 3342 761 3398 venisset
782 3340 940 3412 Arcadum,
958 3347 1063 3416 petens
1085 3365 1114 3411 30

67 3455 92 3503 ut
123 3448 299 3506 societetem
332 3465 400 3504 cum
434 3447 583 3505 Thebanis
620 3456 649 3504 et
675 3448 787 3520 Argivis
822 3447 962 3518 facerent,
991 3466 1061 3505 con-

68 3556 159 3627 neque
187 3553 380 3623 Callistratus,
408 3552 633 3610 Atheniensium
662 3551 783 3627 legetuS,
812 3557 862 3626 qui
893 3552 1065 3627 eloquentie
