2574 4146
121 260 160 306 12
406 235 580 293 conam
600 243 750 292 amns
772 244 880 292 mar:
1121 246 1182 309 [w.

165 415 1180 494 mmladtidaffimpamqnemsslemflellasponta

165 521 293 592 secem,
319 521 530 580 &ulmam
559 541 596 579 ac
622 522 721 579 redita
753 523 786 579 in
818 522 921 579 Asiam
954 524 1178 598 excluderetur,

164 627 480 703 idqueeipersmsssit
520 629 1177 703 Itaquequasexmambmitersacerat,

165 733 1055 808 eademminusdiabustrigintainAs'amreversusest
1079 741 1177 812 seque

128 862 141 910 5
164 845 184 897 a
201 840 405 898 ‘l'nemistocle
424 844 488 896 nan
507 844 688 914 superatum,
708 839 764 896 sed
787 844 996 897 camenarum
1018 841 1173 901 iadicavit.

164 946 212 1005 Sic
236 951 323 1003 tinius
344 946 400 1002 riri
422 945 582 1020 pradentia
605 945 734 1003 Graecia
756 945 881 1003 liberata
903 957 950 1003 est
970 947 1176 1023 Emapaeque

164 1052 320 1111 succubuit
346 1052 424 1109 Asia
467 1052 556 1108 Haec
583 1051 676 1107 altera
701 1051 835 1121 victoria,
861 1069 940 1126 quae
966 1070 1037 1109 cum
1072 1055 1173 1110 Mara·

164 1157 270 1216 thonio
293 1157 386 1232 possit
410 1161 577 1231 comparari
598 1160 735 1230 tropaea.
776 1157 856 1214 Nam
879 1163 945 1231 pari
967 1157 1062 1215 moda
1089 1159 1173 1234 apud

163 1264 312 1323 Salamiua
338 1267 431 1337 parva
457 1266 584 1319 numera
610 1261 730 1318 narium
756 1263 887 1319 maxima
915 1272 985 1338 post
1014 1263 1172 1323 hominum

115 1395 143 1428 lo
164 1370 340 1428 memoriam
359 1367 461 1426 classis
480 1377 527 1426 est
545 1366 674 1425 devicta

203 1476 258 1533 vl.
286 1476 415 1550 Magnus
438 1473 497 1531 hac
520 1473 600 1532 bello
623 1473 841 1531 'Ibemistoclas
867 1473 922 1531 fuit
948 1492 1048 1548 neque
1072 1475 1173 1533 minor

163 1581 196 1638 in
215 1586 300 1656 pace.
341 1580 420 1638 Cum
440 1580 522 1637 enim
543 1578 697 1636 Phalerico
717 1584 806 1654 porta
824 1597 924 1654 neque
944 1584 1055 1655 magno
1070 1598 1171 1655 neque

163 1687 246 1746 bono
269 1686 468 1744 Athaniamas
495 1690 656 1754 uterentur,
680 1684 766 1742 baius
789 1685 916 1742 camilia
939 1685 1047 1760 triplex
1075 1687 1171 1744 Piraei

163 1803 268 1868 portus
300 1791 479 1849 constitutus
511 1801 557 1848 est
581 1796 684 1864 eisque
715 1791 872 1848 moenibus
898 1790 1109 1863 circumdatus,
1137 1801 1170 1849 ut

115 1921 140 1968 ¹5
163 1899 259 1972 ipsam
292 1898 397 1955 urbem
427 1896 570 1970 dignitate
604 1896 819 1970 aequiperaret,
846 1896 973 1954 utilitate
1007 1903 1168 1971 superaret„

163 1990 252 2061 ldem
270 2008 371 2060 maras
388 2001 614 2059 Athaniansium
632 2001 759 2058 restituit
774 2001 937 2076 praecipua
954 2007 1009 2060 sua
1025 2005 1168 2077 pericula.

165 2110 304 2183 Namque
337 2107 569 2165 lacedaemonii
602 2125 723 2164 causam
756 2107 898 2165 idoneam
932 2114 1013 2165 nacti
1046 2118 1169 2183 propter

164 2215 355 2274 barbarorum
393 2213 592 2282 excursiones,
632 2218 693 2287 qua
728 2218 871 2287 negarent
909 2218 1049 2288 oportare
1087 2220 1169 2272 extra

165 2321 403 2394 Peloponnesum
423 2318 514 2376 allam
533 2318 639 2377 urbem
660 2323 761 2376 maras
780 2317 902 2388 habam,
922 2322 960 2376 na
981 2329 1081 2376 essent
1102 2319 1169 2377 loca

113 2451 143 2483 ιο
164 2430 286 2496 munita,
306 2443 384 2499 quae
411 2424 513 2481 hostes
536 2423 734 2498 possiderent,
755 2422 952 2481 Atheniensis
976 2424 1168 2482 aedificantes

164 2531 323 2607 probibate
347 2540 415 2587 sunt
442 2534 551 2587 conati.
593 2530 665 2587 Hac
693 2529 781 2604 longa
808 2528 867 2585 alia
895 2530 1051 2603 spectabat
1078 2539 1167 2605 atque

163 2636 259 2694 vidari
277 2636 424 2694 volabant
466 2634 664 2693 Athamansas
684 2635 764 2692 enim
785 2633 901 2693 duabus
917 2636 1055 2707 victoniS,
1069 2637 1166 2693 Mara·

164 2743 267 2801 thania
293 2752 325 2799 et
351 2741 519 2812 Salaminia,
539 2750 652 2798 tantam
679 2741 802 2815 gloriam
829 2740 910 2814 apud
934 2746 1040 2799 omnes
1063 2747 1166 2816 gentas

164 2858 248 2905 erant
280 2851 443 2917 cansecat1‚
471 2856 503 2904 ut
530 2846 735 2921 intellegerent
763 2845 994 2904 lacedaemonii
1021 2847 1060 2905 da
1088 2854 1165 2922 prin-

114 2979 141 3026 ²5
164 2955 265 3028 cipata
293 2954 349 3010 sibi
380 2958 516 3010 cumeis
549 2957 702 3009 certamen
733 2951 804 3008 lore.
852 2951 920 3022 Qua
943 2955 974 3006 ra
999 2956 1051 3006 eos
1076 2970 1165 3025 quam

164 3059 384 3116 infirmissimas
410 3075 477 3115 esse
503 3058 652 3116 volebant.
695 3059 855 3132 Postquam
883 3067 983 3114 autem
1010 3057 1167 3115 audietunt

165 3169 265 3221 maras
292 3170 371 3234 strui,
393 3163 506 3238 lagatos
532 3163 665 3220 Athanas
688 3167 839 3232 misarum,
863 3169 914 3236 qui
938 3161 970 3219 id
998 3162 1060 3219 fieri
1087 3169 1165 3220 veta·

165 3280 240 3326 rent.
282 3270 340 3325 His
363 3269 568 3342 praesentibus
593 3267 743 3325 dasiarunt
765 3286 801 3325 ac
825 3272 858 3325 sa
882 3266 922 3325 de
946 3273 982 3325 ea
1001 3273 1033 3325 ra
1054 3268 1167 3343 lagatas

164 3373 204 3432 ad
238 3379 290 3431 eas
324 3378 463 3431 missuras
497 3373 643 3430 dixenmt.
701 3374 790 3430 Hanc
824 3373 1003 3448 ligationem
1037 3375 1167 3449 suscapit

115 3509 143 3554 30
163 3478 381 3536 Themistoclas
404 3488 435 3535 et
459 3478 538 3535 salus
559 3483 658 3552 prima
682 3478 831 3552 proiectus
855 3489 900 3536 est
910 3499 919 3550 ;
948 3479 1052 3553 reliqui
1078 3479 1167 3554 lagati

165 3594 198 3642 ut
229 3594 293 3641 tum
326 3589 450 3654 exirent,
477 3601 547 3641 cum
581 3583 651 3642 satis
684 3584 736 3641 alti
770 3584 882 3642 tuenda
917 3589 992 3642 mari
1026 3591 1168 3643 exstracti

165 3688 344 3762 viduantur,
371 3689 542 3764 praecepit:
577 3689 695 3747 interim
722 3693 836 3762 omas,
864 3697 939 3748 servi
966 3700 1054 3767 atque
1083 3691 1167 3752 liberi
