2574 4146
76 252 197 317 x.‚x1.]
549 249 717 299 annonas
1116 259 1157 323 93

75 433 126 480 et
155 425 340 483 adversarios
368 423 435 480 illuc
460 429 526 480 suis
551 423 730 480 contraxisse
757 424 867 497 copias.
911 427 1008 483 Mutat
1037 431 1106 483 con·

76 528 198 590 silium
220 541 260 602 et,
282 529 423 604 quoniam
445 527 648 603 imprudentes
670 528 776 586 adoriri
800 535 860 586 non
885 542 994 604 posset,
1017 531 1107 588 flectit

75 631 153 696 iter
188 655 274 695 suum
307 645 336 693 et
366 634 448 692 illum
480 634 642 692 anfractum
674 633 838 708 longiorem
869 637 1009 710 copiasae
1044 638 1107 694 viae

73 745 181 819 capit
210 743 311 817 ibique
339 740 421 799 diem
451 745 543 798 imum
575 746 726 814 opperitur
758 738 797 797 ad
828 741 1030 800 lassitudinem
1062 749 1106 801 se-

72 845 233 907 dandam
266 847 391 905 militum
420 865 455 904 ac
490 845 652 904 reficienda
686 845 826 918 iumenta,
855 853 915 922 quo
951 848 1108 923 integriore
1132 871 1142 917 5

71 955 234 1013 exercitu
256 953 439 1012 decerneret.

134 1063 175 1119 X.
207 1062 256 1119 mc
288 1061 438 1117 Eumenes
469 1056 609 1115 callidum
639 1058 849 1132 imperatorem
880 1059 950 1116 vicit
984 1061 1107 1118 consilio

71 1167 346 1240 celeritatemque
371 1163 527 1239 impedivit
551 1164 623 1235 eius,
644 1181 742 1238 neque
766 1174 866 1221 tamen
891 1165 1014 1223 multum
1039 1173 1106 1241 pro·

70 1269 174 1332 fecit
186 1294 195 1345 ;
229 1290 299 1329 narn
324 1270 435 1329 invidia
459 1269 579 1341 ducum,
605 1288 673 1327 cum
697 1269 805 1343 quibus
829 1280 900 1341 erat,
926 1272 1107 1348 perfidiaque

69 1374 308 1438 Macedonum
340 1383 555 1447 veterinorum,
585 1394 652 1432 cum
683 1376 817 1450 superior
850 1378 963 1450 proelio
999 1378 1106 1438 disces·
1132 1408 1158 1438 10

69 1486 193 1557 sisset,
225 1485 377 1559 Antigono
406 1494 450 1541 est
478 1483 606 1554 demtus,
635 1501 703 1539 cum
732 1483 878 1540 exercitus
907 1491 934 1540 ei
962 1494 1006 1541 ter
1040 1496 1107 1544 ante

37 1637 40 1641 .
70 1597 244 1668 separatis
269 1590 451 1664 temporibus
479 1589 602 1646 iurasset
630 1593 661 1645 se
690 1606 759 1644 eum
787 1587 982 1647 defensurum
1011 1609 1107 1665 neque

70 1711 244 1772 umquam
266 1696 460 1754 deserturum.
503 1694 562 1752 Sed
584 1704 666 1751 tanta
686 1686 738 1750 fuit
763 1695 971 1753 nonnullorum
995 1698 1107 1755 virtutis

73 1801 289 1872 obtrectatio,
318 1811 350 1858 ut
384 1801 475 1858 fidem
506 1800 641 1858 amittere
674 1799 793 1856 mallent
824 1819 914 1874 quam
949 1821 1016 1859 eum
1047 1809 1107 1860 non

76 1908 238 1980 perdere.
281 1909 378 1981 Atque
399 1906 478 1963 hunc
497 1906 670 1980 Antigonus,
692 1925 761 1964 cum
785 1916 813 1965 ei
837 1909 938 1966 suisset
958 1909 1107 1966 infestissi-
1133 1933 1157 1978 15

79 2030 175 2085 mus,
191 2018 404 2082 conservasset,
420 2018 443 2069 si
464 2030 517 2086 per
538 2017 606 2069 suos
627 2024 704 2070 esset
727 2014 849 2085 licitum,
864 2013 945 2088 quod
970 2015 1007 2072 ab
1028 2016 1107 2072 nullo

82 2125 126 2178 se
162 2118 232 2193 plirs
267 2117 398 2174 adiuvari
432 2133 519 2191 posse
554 2118 744 2193 intellegEbat
778 2121 808 2176 in
836 2127 876 2177 eis
911 2120 997 2177 rebus
1035 2127 1108 2194 quas

81 2223 279 2300 impendere
311 2223 368 2280 iam
401 2224 563 2297 apparEbat
594 2225 738 2282 omnibus.
797 2226 997 2283 imminebant
1028 2227 1108 2283 enim

83 2329 252 2398 Seleucus,
282 2328 482 2404 Lysimachus,
512 2330 708 2400 Ptolemaeus,
734 2330 839 2405 opibus
874 2331 933 2388 iam
968 2330 1106 2402 valentes,

85 2452 171 2492 cum
196 2433 305 2508 quibus
329 2440 357 2491 ei
381 2433 420 2493 d?
444 2440 565 2492 summis
590 2433 677 2492 rebus
696 2445 767 2493 erat
795 2436 1007 2493 dimicandum.
1049 2438 1107 2495 Sed
1131 2462 1159 2493 20

87 2547 162 2598 non
189 2545 269 2614 passi
293 2549 360 2596 sunt
381 2540 402 2596 ii
422 2546 472 2614 qui
493 2539 573 2597 circa
593 2550 685 2611 erant,
706 2539 788 2614 quod
809 2540 951 2599 videbant
974 2543 1108 2600 Eumene

88 2649 227 2720 recepto
248 2649 371 2719 ¹omnes
409 2661 479 2719 prae
518 2645 568 2703 illo
607 2651 689 2719 parvi
727 2645 846 2704 futuros.
903 2648 971 2720 Ipse
1009 2656 1107 2704 autem

92 2750 270 2826 Antigonus
290 2749 368 2808 adeo
389 2761 452 2809 erat
473 2751 618 2822 incensus,
637 2761 670 2809 ut
691 2750 747 2808 nisi
768 2757 874 2826 magni
894 2757 947 2827 spe
969 2753 1107 2810 maximi-

93 2872 170 2912 rum
191 2859 289 2914 rerum
309 2855 393 2912 leniri
413 2861 474 2914 non
495 2865 605 2930 posset.

143 2961 200 3018 XI.
229 2961 335 3036 Itaque
363 2978 431 3018 cum
461 2979 528 3018 eum
557 2961 588 3018 in
615 2960 782 3019 custodiam
809 2959 941 3020 dedisset
970 2972 1000 3019 et
1023 2981 1108 3036 prae·
1131 2985 1157 3030 25

98 3066 199 3125 fectus
237 3065 396 3124 custodum
434 3072 604 3141 quaesisset,
638 3085 728 3141 quem
767 3066 806 3125 ad
845 3066 968 3125 modum
1002 3074 1109 3125 servari

96 3173 201 3244 vellet,
222 3172 293 3231 “Ut
313 3171 517 3241 {eemmum‚”
534 3171 638 3246 inquit,
656 3173 802 3231 “leonem
823 3183 873 3230 aut
894 3173 1107 3231 ferocissimum

100 3276 296 3352 elephantum
307 3278 323 3303 '’
335 3297 344 3348 ;
379 3275 513 3335 nondum
541 3276 621 3334 enim
649 3286 797 3349 statuerat,
826 3283 1012 3336 conservaret
1040 3297 1108 3336 eum

100 3397 209 3440 necne.
264 3381 412 3440 VeniEbat
441 3391 539 3440 autem
568 3381 607 3440 ad
636 3384 800 3441 Eumenem
828 3393 985 3458 utrumque
1016 3401 1109 3459 genus

103 3484 269 3560 hominum,
295 3497 326 3545 et
353 3494 404 3562 qui
430 3498 553 3563 propter
580 3487 682 3545 odium
712 3489 837 3547 fructum
864 3491 955 3548 oculis
985 3509 1022 3547 ex
1047 3490 1108 3549 Eius
1132 3512 1160 3558 30

108 3597 175 3650 casir
206 3610 315 3669 capere
346 3593 464 3664 vellent,
493 3604 523 3652 et
554 3600 605 3669 qui
636 3605 757 3669 propter
786 3605 917 3653 veterem
948 3596 1108 3653 amicitiam

110 3698 244 3782 conloqui
282 3698 484 3780 consolarique
523 3709 677 3776 cuperent,
707 3698 790 3757 multi
828 3700 927 3773 etiam,
958 3707 1009 3776 qui
1046 3701 1108 3759 Eius
