2574 4146
176 144 201 170 ..1
557 105 811 155 ΕΡΑΜΙΝοΝυΑε

144 285 207 353 pari
230 278 322 337 mode
347 282 551 352 superatrirum
577 282 680 336 omues
704 279 735 335 in
759 282 865 336 ceteris
890 279 1009 338 artibus.
1051 283 1149 356 Atque

143 383 216 442 haec
240 384 280 444 ad
302 394 433 442 nostram
455 384 700 442 cousuetudinem
722 395 789 441 sunt
811 386 885 441 levia
907 396 937 442 et
958 387 1056 461 potius
1077 406 1147 446 con-

148 490 323 563 temnenda;
362 500 393 547 at
430 491 461 547 in
498 489 632 560 Graecia,
664 490 765 564 utique
801 490 882 560 elim,
911 496 1035 566 magnae
1070 492 1150 551 laudi

150 607 235 654 erant.
286 598 447 671 Postquam
475 595 607 670 ephebus
636 604 681 653 est
709 596 801 652 sactus
830 606 859 652 et
887 596 1049 670 palaestrae
1077 597 1148 656 dare

148 720 265 776 operam
287 702 397 776 coepit,
417 706 479 759 nen
499 711 561 759 tam
582 700 776 776 megnitiidini
796 701 899 758 virium
922 703 1038 759 servivit
1059 720 1148 777 quam
1173 726 1183 772 ς

147 808 308 879 veldciteti;
338 807 418 864 illam
444 807 523 865 enim
545 806 584 864 ad
605 807 779 864 athleterum
801 811 896 877 risum,
919 808 995 864 hanc
1016 808 1055 866 ad
1080 810 1149 867 belli

147 913 327 972 existimebat
355 913 510 970 fitilitetem
537 912 693 987 pertinere.
737 914 841 986 Itaque
868 914 1059 971 exercebatur
1083 917 1146 987 phi-

147 1019 249 1077 rimum
274 1018 422 1077 currende
447 1028 477 1076 et
502 1017 642 1076 hictande
667 1016 705 1074 ad
727 1036 795 1075 eum
816 1019 922 1088 finem,
943 1019 1043 1092 quoad
1069 1027 1146 1078 stans

147 1125 303 1198 complecti
325 1133 426 1199 posset
450 1133 539 1197 atque
564 1122 753 1181 contendere.
798 1125 835 1180 In
857 1131 943 1181 armis
967 1129 1036 1182 vere
1058 1127 1145 1199 phiri-

147 1248 223 1288 mum
244 1230 334 1288 studii
357 1230 559 1287 consumebat.
1171 1260 1197 1290 10

182 1336 241 1393 111.
270 1335 317 1393 Ad
347 1334 424 1391 hanc
451 1334 582 1408 corporis
615 1333 788 1391 firmitetem
820 1335 903 1407 plura
935 1335 1025 1392 etiam
1056 1337 1147 1393 animi

146 1440 220 1500 bona
247 1452 443 1499 accesserant.
487 1442 559 1499 Erat
587 1441 666 1498 enim
695 1439 857 1511 modestus
882 1441 1020 1514 prudens,
1042 1443 1145 1516 gravis,

146 1546 327 1622 temporibus
362 1547 510 1622 sapienter
544 1550 639 1617 ritem,
675 1551 784 1621 peritus
820 1546 896 1617 belli,
930 1546 1011 1604 sortis
1049 1553 1144 1619 mami,

146 1653 240 1711 animo
262 1653 402 1722 menime,
420 1650 497 1709 adee
518 1652 649 1709 veritatis
671 1650 804 1726 diligens
823 1662 855 1708 ut
876 1657 913 1709 ne
935 1652 1002 1709 ioci)
1024 1654 1144 1726 quidem

146 1763 324 1816 mentiretur.
380 1744 466 1816 ldem
498 1758 662 1828 continens,
691 1759 822 1816 clemens
851 1759 1024 1833 patiensque
1052 1759 1144 1816 admi·
1170 1784 1194 1831 ¹5

145 1864 266 1922 randum
292 1864 322 1921 in
347 1862 480 1934 modum,
503 1868 563 1920 nen
588 1863 682 1921 selum
711 1863 821 1937 populi,
836 1862 890 1920 sed
919 1864 1007 1920 etiam
1036 1870 1145 1922 amice-

145 1987 204 2026 rum
233 1969 331 2027 ierens
360 1969 487 2040 iniririas,
509 1969 539 2026 in
567 1975 667 2043 primis
692 1975 848 2026 commissa
874 1970 982 2040 celans,
1004 1970 1144 2043 quodque

144 2074 290 2133 interdum
315 2079 374 2132 nen
397 2075 492 2132 minus
518 2073 640 2149 predest
660 2090 749 2147 quam
771 2074 881 2131 diserte
903 2074 1011 2145 meere,
1034 2076 1144 2133 studie-

144 2199 188 2239 sus
216 2179 376 2251 audiendi;
413 2199 449 2238 ex
477 2180 535 2237 hec
564 2180 643 2237 enim
672 2181 809 2238 facillime
838 2180 911 2237 disci
942 2181 1144 2240 arbitrabitur.

145 2287 246 2362 ltaque
268 2305 337 2344 cum
359 2286 389 2343 in
410 2286 551 2343 circulum
576 2287 713 2357 venisset,
735 2293 765 2343 in
790 2291 850 2360 que
875 2296 925 2342 aut
950 2286 989 2344 de
1014 2292 1045 2343 re
1071 2289 1144 2361 prib-
1168 2316 1196 2347 κο

144 2391 195 2449 lice
231 2391 431 2466 disputaretur
465 2400 515 2448 aut
551 2390 589 2449 de
624 2391 812 2466 philosophie
846 2396 943 2448 serme
979 2392 1144 2464 haberetur,

143 2515 301 2573 numquam
334 2496 404 2555 inde
436 2497 516 2571 prius
547 2497 691 2568 discessit,
719 2514 808 2570 quam
843 2496 881 2553 ad
916 2497 1012 2555 finem
1048 2505 1144 2556 sermd

144 2612 217 2661 esset
237 2602 394 2660 adductus.

180 2709 389 2782 Paupertetem
410 2706 488 2765 adeo
509 2707 594 2764 facile
616 2725 773 2782 perpessus
795 2717 848 2778 est,
864 2717 896 2765 ut
918 2707 956 2766 de
975 2713 1007 2766 re
1027 2709 1146 2782 publice

144 2813 211 2871 nihil
239 2823 358 2888 praeter
385 2813 506 2888 gleriam
535 2814 656 2888 ceperit.
711 2815 883 2871 Amicerum
912 2815 942 2870 in
970 2819 1001 2872 se
1032 2814 1145 2873 tuende
1168 2848 1194 2895 25

144 2919 232 2978 caruit
261 2919 456 2990 facultatibus,
485 2919 545 2977 fide
578 2918 616 2976 ad
648 2919 720 2977 alies
752 2919 947 2977 sublevandes
979 2939 1068 2996 saepe
1104 2927 1145 2978 sic

143 3027 207 3082 isus
235 3034 290 3096 est,
320 3034 351 3081 ut
379 3024 502 3082 iudicari
530 3024 622 3099 possit
649 3025 750 3082 omnia
777 3032 805 3082 ei
831 3043 898 3082 cum
928 3032 1028 3083 amicis
1057 3026 1145 3084 fuisse

134 3129 319 3188 ,commimia
376 3130 455 3187 Nam
490 3147 558 3187 cum
593 3140 642 3186 aut
677 3131 785 3187 civium
821 3135 939 3187 suerum
971 3131 1074 3204 aliquis
1107 3132 1145 3188 ab

145 3233 272 3294 hostibus
301 3245 379 3293 esset
406 3245 509 3310 captus
538 3245 587 3292 aut
615 3236 697 3309 virge
725 3236 831 3293 nubilis
862 3246 985 3310 propter
1020 3254 1143 3310 pauper·

145 3345 230 3399 tetem
253 3341 403 3398 conlocari
427 3346 487 3398 nen
512 3350 622 3414 posset,
644 3346 806 3397 amicorum
831 3342 989 3397 concilium
1016 3341 1145 3398 habebat
1167 3375 1196 3421 30

146 3454 172 3502 et
203 3456 346 3520 quantum
381 3447 505 3520 quisque
541 3445 625 3503 daret
660 3450 714 3519 pre
750 3446 935 3504 facultatibus
971 3447 1143 3520 imperabat.

146 3551 275 3626 Eamque
303 3570 448 3609 summam
477 3569 544 3607 cum
575 3550 699 3620 fecerat,
730 3551 828 3625 potius
856 3570 945 3625 quam
974 3552 1037 3624 ipse
1066 3549 1143 3606 acci·
