2574 4146
428 722 515 779 xnr.
550 709 805 782 Tiuornnus

154 910 178 967 I.
206 908 393 980 Timotheus
411 908 544 966 Conenis
565 907 656 979 silius,
677 909 872 966 Atheniensis.
916 911 975 967 Hic
997 915 1015 967 e
1036 920 1118 984 patre

112 1024 270 1089 acceptam
290 1003 412 1088 gldriam
435 1015 531 1071 multis
553 1015 632 1070 auxit
653 1014 807 1072 virtutibus
818 1035 826 1085 ;
853 1015 905 1072 fuit
927 1016 1006 1072 euim
1029 1015 1118 1072 diser-

113 1131 168 1191 tus,
194 1121 331 1195 impiger,
352 1119 522 1190 labenesus,
545 1125 586 1176 rei
612 1119 742 1177 militetis
766 1126 875 1193 peritus
901 1138 997 1194 neque
1023 1122 1119 1178 minus

112 1226 239 1285 civitetis
265 1224 422 1300 regendae.
465 1225 560 1282 Multa
585 1224 671 1282 hirius
695 1234 763 1282 sunt
785 1226 935 1300 praeclere
958 1227 1043 1298 facta,
1065 1226 1119 1284 sed

113 1333 189 1390 haec
206 1331 336 1389 maixime
354 1331 492 1388 inlustria.
535 1330 691 1405 Olynthiris
710 1340 741 1388 et
761 1332 916 1406 Byzanties
936 1332 1014 1390 belle
1034 1333 1119 1390 sube-
1145 1351 1155 1398 5

112 1440 163 1514 git.
208 1440 329 1497 Samum
358 1437 456 1511 cepit3
487 1437 518 1493 in
545 1442 604 1511 que
633 1437 834 1511 oppugnandi)
863 1439 1012 1512 superiere
1042 1438 1120 1496 belle

111 1545 311 1603 Athenienses
339 1544 416 1601 mille
445 1554 475 1600 et
506 1542 636 1600 ducenta
667 1543 778 1601 talenta
808 1549 1059 1618 censumpserant,
1090 1544 1120 1602 id

112 1651 163 1708 ille
189 1651 252 1707 sine
277 1649 336 1707 rillai
359 1649 478 1723 publice
500 1649 634 1722 impense
658 1650 771 1723 popule
796 1650 930 1708 restituit.
973 1650 1121 1708 Adversus

112 1759 226 1816 Cotum
254 1756 332 1814 bella
362 1756 451 1829 gessit
482 1754 521 1813 ab
552 1760 648 1828 eeque
680 1755 758 1813 mille
790 1765 820 1813 et
851 1756 980 1813 ducenta
1012 1757 1121 1814 talenta

112 1861 244 1938 praedae
274 1862 305 1919 in
333 1862 483 1936 publicum
513 1861 632 1918 rettulit.
688 1861 830 1935 Cyzicum
863 1861 1020 1920 obsidiene
1051 1862 1120 1921 libe·
1146 1887 1172 1917 10

113 1969 198 2026 revit.
241 1968 432 2025 Ariobarzani
460 1967 545 2024 simul
573 1985 641 2023 cum
671 1967 805 2041 Agesilae
834 1967 941 2025 auxilie
970 1968 1120 2042 profectus

113 2085 169 2145 est,
195 2081 213 2132 ai
240 2079 301 2147 que
330 2092 397 2130 cum
431 2074 510 2130 Lace
543 2073 700 2146 pecuniam
732 2079 915 2131 numeretam
948 2074 1120 2149 accepisset,

113 2181 163 2238 ille
189 2184 269 2236 cives
294 2184 362 2236 sues
387 2183 457 2253 agre
483 2188 571 2252 atque
597 2178 716 2235 urbibus
737 2184 837 2253 augeri
858 2179 959 2237 maluit
980 2198 1069 2254 quam
1091 2179 1122 2236 id

113 2292 242 2356 sumere,
265 2285 348 2341 cuius
373 2294 487 2358 partem
513 2282 635 2340 domum
662 2302 744 2340 suam
768 2285 842 2341 serre
864 2294 973 2358 posset.
1017 2287 1122 2359 Itaque

113 2392 233 2466 accepit
256 2391 412 2448 Critheten
434 2400 463 2447 et
484 2391 608 2447 Sestum.
1147 2405 1171 2451 15

157 2500 199 2555 II.
229 2484 317 2555 idem
339 2497 424 2552 classi
444 2495 610 2569 praefectus
632 2495 853 2554 circumvehens
874 2496 1121 2571 Peloponnesum,

116 2604 287 2661 Lacenicen
322 2602 488 2676 populatus,
516 2600 640 2658 classem
676 2606 778 2658 eerum
814 2601 932 2676 fugivit,
962 2604 1122 2676 Corcyram

117 2710 172 2768 sub
200 2709 358 2783 imperium
387 2707 611 2764 Atheniensium
640 2706 754 2781 redegit
782 2708 936 2781 sociesque
966 2709 1035 2766 dein
1071 2709 1122 2767 ad-

119 2816 211 2873 iirnxit
236 2802 381 2889 Epirdtas,
397 2816 585 2885 Athamanas,
602 2813 739 2871 Chaonas
759 2818 920 2886 omnesque
943 2820 992 2870 eas
1010 2819 1123 2888 gentes,

120 2939 195 2995 quae
226 2939 306 2977 mare
334 2920 404 2979 illud
433 2921 579 2979 adiacent,
623 2919 692 2992 Que
721 2918 799 2975 facte
829 2918 1058 2976 Lacedaemonii
1086 2920 1125 2979 de
1148 2937 1176 2966 20

123 3025 235 3091 diutine
259 3028 449 3084 contentirine
476 3027 651 3085 destiterunt
677 3035 706 3083 et
734 3029 786 3080 sue
809 3034 914 3097 sponte
940 3025 1124 3083 Atheniensi-

124 3133 175 3190 bus
196 3134 313 3207 imperii
334 3133 472 3191 maritimi
496 3133 691 3207 principetum
720 3134 938 3200 concesserunt,
961 3136 1126 3206 pecemque

127 3242 163 3294 eis
193 3239 306 3313 legibus
347 3239 569 3308 constituemur,
609 3248 641 3294 ut
682 3236 876 3295 Athenienses
920 3242 993 3292 mari
1034 3236 1126 3295 duces

129 3355 230 3401 essent.
273 3345 360 3418 Quae
382 3345 504 3401 victoria
529 3353 627 3400 tantae
651 3343 703 3400 fuit
724 3343 828 3400 Atticis
850 3341 986 3412 laetitiae,
1009 3351 1042 3399 ut
1063 3352 1126 3400 tum

131 3456 250 3520 primum
276 3456 343 3506 erae
366 3452 434 3507 Peci
455 3449 573 3524 publice
595 3449 651 3505 sint
673 3449 768 3505 factae
791 3454 876 3521 eique
899 3446 974 3505 deae
996 3448 1128 3522 pulvinar
1150 3464 1176 3511 25

133 3553 164 3610 sit
186 3556 359 3613 institutum.
402 3556 491 3613 Cirius
517 3554 611 3611 laudis
635 3564 666 3611 ut
692 3553 835 3610 memoria
864 3558 1003 3623 maneret,
1026 3556 1126 3613 iimo·

136 3657 198 3716 thee
222 3662 339 3735 priblice
364 3672 489 3719 statuam
514 3662 544 3718 in
566 3662 629 3719 fore
650 3665 819 3734 posuerunt.
863 3659 921 3732 Qui
943 3660 1038 3718 hones
1061 3661 1127 3718 huic

635 3793 667 3847 57
