2574 4146
412 727 454 784 Π.
482 713 810 786 Tnnnrsrocnris

150 905 174 962 I.
202 903 429 975 Themistocles,
449 903 556 961 Neocli
577 903 667 976 filine,
685 903 883 961 Atheniensis,
927 903 1024 961 Hriius
1045 903 1115 960 vitia

85 1088 89 1094 ι
114 1009 236 1068 ineuntis
264 1009 483 1067 adulescentiae
519 1014 631 1084 megnis
666 1019 733 1066 sunt
763 1009 921 1066 emendeta
950 1009 1113 1080 virtritibus,

114 1115 186 1173 adee
220 1125 253 1173 ut
282 1115 459 1172 anteferretur
494 1115 561 1172 huic
596 1119 695 1185 neme,
724 1121 811 1188 pauci
845 1119 931 1188 pares
966 1123 1113 1189 putentur.

114 1221 167 1278 Sed
192 1223 230 1280 ab
254 1221 338 1279 initie
361 1231 405 1279 est
426 1219 597 1278 erdiendus.
642 1222 727 1277 Pater
752 1220 814 1277 eius
840 1219 968 1276 Neocles
990 1225 1112 1294 genere-

114 1344 156 1384 sus
184 1327 246 1384 fuit.
305 1327 334 1384 Is
362 1331 484 1383 uxerem
516 1327 701 1383 Acarnenam
733 1331 828 1382 civem
864 1325 956 1396 diixit,
986 1343 1022 1382 ex
1057 1330 1115 1399 quai
1139 1352 1149 1400 ς

114 1438 193 1490 netus
222 1442 268 1490 est
295 1432 522 1489 Themistocles.
571 1432 630 1504 Qui
657 1449 726 1487 curn
755 1432 850 1488 minus
873 1441 950 1488 esset
975 1431 1115 1505 probetus

113 1538 291 1612 parentibus,
320 1537 402 1612 quod
437 1547 467 1595 et
503 1537 620 1596 liberius
647 1537 764 1595 vivebat
793 1547 822 1594 et
849 1554 911 1593 rem
940 1536 1114 1593 familierem

115 1644 299 1720 neglegebat,
329 1649 347 1701 e
373 1653 457 1717 patre
492 1642 687 1701 exheredetus
722 1653 776 1701 est.
819 1643 904 1716 Quae
935 1643 1115 1700 contumelia

113 1755 169 1808 nen
200 1750 287 1824 fregit
314 1767 391 1821 eum,
420 1750 474 1807 sed
507 1749 599 1806 erexit
609 1769 618 1821 ;
654 1767 722 1806 nam
758 1767 827 1806 cum
860 1747 1018 1805 iiidicesset
1052 1749 1114 1805 sine

113 1861 225 1913 summe
259 1854 404 1913 industrie
437 1860 497 1912 nen
532 1872 621 1929 posse
659 1873 725 1912 earn
764 1855 927 1929 exstingui
952 1859 1048 1911 tetum
1083 1859 1115 1911 se
1139 1872 1165 1903 10

114 1960 227 2020 dedidit
248 1967 292 2018 rei
312 1960 460 2035 priblicae,
482 1960 649 2035 diligentius
671 1965 772 2017 amicis
794 1960 954 2033 femaeque
976 1960 1114 2017 serviens.

114 2067 239 2124 Multum
261 2067 291 2123 in
313 2066 428 2124 iiidiciis
450 2072 566 2140 privetis
587 2065 765 2136 versebetur,
780 2083 870 2139 saepe
891 2065 922 2122 in
943 2066 1115 2123 centienem

113 2173 212 2247 populi
247 2172 387 2247 predibat
398 2193 406 2244 ;
449 2171 528 2230 milla
562 2176 608 2229 res
643 2171 737 2229 meior
771 2171 834 2229 sine
869 2176 905 2228 ee
939 2171 1095 2246 gerebEtur
1106 2192 1114 2242 ;

113 2279 246 2336 celeriter
273 2295 350 2351 quae
379 2296 455 2352 opus
483 2288 565 2335 erant
594 2277 768 2351 reperiebat,
796 2277 881 2334 facile
912 2276 1019 2333 eadem
1050 2282 1114 2333 ere-

114 2384 190 2442 tiene
213 2383 390 2458 explicebat,
406 2401 502 2458 neque
525 2383 622 2440 minus
643 2383 674 2439 in
696 2383 782 2440 rebus
803 2382 939 2457 gerendis
961 2387 1115 2456 premptns
1140 2409 1165 2456 ις

113 2507 199 2564 qnam
229 2489 432 2564 excegitandis
460 2499 531 2559 erat,
560 2488 642 2562 quod
670 2497 701 2546 et
729 2489 767 2546 de
797 2488 981 2560 instantibus,
1009 2499 1040 2546 ut
1075 2490 1116 2546 ait

112 2594 312 2672 Thiicydides,
335 2595 484 2652 verissime
508 2594 658 2652 iiidicaibat
681 2604 711 2652 et
733 2593 772 2651 de
800 2593 900 2651 furitis
928 2594 1116 2651 callidissime

113 2701 288 2759 coniciebat.
345 2701 413 2774 Que
442 2700 552 2757 factum
581 2709 686 2757 est⁶ut
713 2700 794 2759 brevi
822 2708 957 2774 ternpore
982 2699 1115 2757 inlistre-

114 2811 200 2864 retur.

151 2914 194 2970 11.
224 2913 337 2969 Primus
359 2922 458 2970 autern
481 2910 589 2986 gradus
613 2910 666 2968 fuit
690 2909 892 2984 capessendae
914 2915 957 2966 rei
980 2910 1116 2985 pirblicae
1140 2941 1168 2971 20

113 3017 190 3075 belle
222 3017 410 3092 Corcyraee;
445 3015 484 3074 ad
512 3014 595 3090 quod
623 3014 786 3091 gerendum
814 3025 933 3091 praetor
960 3021 978 3072 i
1005 3017 1117 3090 popule

114 3122 206 3181 iactus
231 3127 293 3180 nen
317 3123 411 3180 selum
436 3128 585 3197 praesenti
610 3121 697 3193 belle,
720 3121 773 3179 sed
796 3121 884 3178 etiarn
907 3119 1020 3194 relique
1043 3131 1117 3178 tem-

115 3246 185 3302 pore
214 3227 388 3285 ierecierem
417 3227 548 3286 reddidit
577 3227 736 3285 civitetem.
790 3227 868 3284 Nam
897 3245 965 3283 cum
991 3227 1119 3300 pectinia

115 3334 241 3408 priblica,
265 3351 342 3407 quae
367 3351 404 3390 ex
426 3333 549 3390 metallis
573 3333 697 3404 redibat,
721 3332 873 3406 largitiene
897 3331 1119 3406 magistrEtuum

115 3445 271 3514 quotannis
299 3438 437 3510 interiret,
466 3439 514 3496 ille
542 3438 686 3513 persuesit
715 3437 826 3512 popule
860 3447 892 3495 ut
923 3443 959 3495 ee
991 3439 1120 3512 pectinie
1142 3469 1168 3516 25

115 3545 214 3603 classis
235 3553 356 3602 centum
377 3545 494 3602 nivium
517 3543 732 3602 aedificeretur.
774 3543 841 3616 Qui
860 3543 993 3600 celeriter
1014 3544 1121 3602 effecte

116 3657 243 3724 primum
271 3650 453 3725 Corcyraeps
483 3650 578 3725 fregit,
608 3649 719 3708 deinde
754 3648 915 3706 maritimes
950 3648 1119 3723 praedenes

636 3786 652 3836 9
