2574 4146
506 644 589 701 xix.
625 629 826 704 PHOCION.

112 904 115 909 ⁴
207 831 231 886 I.
262 829 396 888 Phecien
425 831 611 889 Atheniensis
639 838 695 889 etsi
719 849 809 906 saepe
836 830 1014 890 exercitibus
1044 832 1178 908 praefuit

167 941 356 1011 summesque
384 937 570 1012 magistretirs
601 937 690 1011 cepit,
719 947 820 995 tamen
850 937 944 994 multe
977 937 1040 996 eius
1072 940 1177 998 netior

167 1050 211 1097 est
231 1041 381 1116 integrites
401 1049 478 1101 vitae
500 1060 589 1116 quam
609 1049 651 1100 rei
672 1043 802 1101 militaris
822 1043 916 1101 labor.
958 1045 1065 1117 ltaque
1086 1044 1175 1104 heius

167 1148 310 1204 memoria
343 1157 388 1205 est
419 1147 507 1218 milla,
535 1147 609 1205 illius
640 1158 739 1205 autem
775 1155 882 1224 megna
915 1149 1010 1220 sema,
1038 1167 1076 1206 ex
1112 1157 1175 1225 que

130 1271 141 1318 5
165 1254 344 1327 segnemine
376 1255 475 1311 Bonus
507 1263 551 1311 est
582 1254 756 1328 appelletus.
812 1254 880 1312 Fuit
911 1253 992 1311 enim
1023 1262 1175 1330 perpetue

165 1373 287 1432 pauper,
315 1377 384 1415 cum
412 1359 600 1417 divitissimus
628 1378 692 1417 esse
721 1369 823 1434 posset
850 1369 973 1434 propter
1000 1359 1176 1435 frequentes

165 1462 280 1521 deletes
305 1464 432 1521 honeres
457 1471 677 1539 potestaitesque
703 1471 840 1536 summes,
862 1482 938 1539 quae
964 1470 992 1521 ei
1016 1471 1035 1522 {a
1056 1467 1174 1540 popule

165 1567 320 1626 dabantur.
374 1565 437 1625 'Hic
469 1589 537 1626 cum
568 1576 587 1626 e
616 1574 685 1644 rege
718 1569 855 1644 Philippu
886 1574 1010 1627 menera
1044 1577 1174 1646 megnae

165 1675 309 1749 pecnniae
334 1674 503 1749 repudieret
527 1676 674 1750 legetique
699 1675 885 1733 hortarentur
908 1675 1046 1751 accipere
1070 1677 1174 1736 simul-

115 1807 144 1838 10
165 1798 223 1854 que
252 1779 455 1851 admonerent,
478 1787 501 1838 si
529 1782 592 1855 ipse
611 1788 654 1839 eis
682 1781 768 1838 facile
796 1786 920 1852 careret,
941 1781 1040 1841 liberis
1068 1793 1175 1844 tamen

165 1893 223 1943 suis
244 1887 436 1961 prespiceret,
451 1887 557 1961 quibus
578 1886 698 1944 difficile
721 1896 799 1945 esset
815 1887 846 1943 in
863 1893 979 1945 summe
995 1897 1173 1965 paupertaite

165 2001 277 2049 tantam
304 2002 458 2067 paternam
487 1998 560 2050 tueri
589 1994 720 2068 gleriam,
742 2000 783 2050 eis
811 1993 858 2050 ille
886 1993 945 2052 “Si
972 2001 1032 2053 mei
1059 1995 1174 2056 similes

165 2108 258 2168 erunt,
282 2097 364 2156 idem
392 2098 468 2168 hic,'’
494 2099 598 2171 inquit,
624 2098 763 2173 “agellus
788 2098 853 2156 illes
880 2098 939 2156 alet
974 2106 1026 2174 qui
1053 2105 1103 2159 me
1132 2101 1173 2160 ad

165 2204 240 2261 hanc
263 2204 435 2278 dignitetem
456 2202 593 2278 perdfixit
603 2225 611 2274 3
641 2211 684 2261 sin
705 2203 862 2262 dissimiles
887 2215 955 2262 sunt
977 2205 1076 2279 futiri,
1097 2207 1173 2266 nele

116 2336 140 2384 15
165 2316 237 2367 meis
259 2311 399 2385 impensis
420 2309 536 2367 illerum
557 2309 594 2366 ali
615 2314 773 2384 augerique
794 2310 969 2368 lexuriam.’'

205 2418 244 2473 ΙΙ.
275 2403 362 2473 idem
384 2434 452 2472 curn
473 2433 568 2491 prope
589 2416 628 2473 ad
649 2435 759 2474 annum
784 2417 1000 2493 octegesimum
1026 2423 1171 2494 prespere

164 2522 344 2597 pervenisset
387 2522 517 2591 fortini,
554 2527 690 2581 extremis
732 2524 915 2598 temporibus
956 2529 1098 2600 megnnm
1141 2527 1174 2584 in

163 2628 266 2686 odium
288 2629 421 2703 pervenit
442 2632 561 2685 suerum
582 2628 698 2699 civium,
720 2634 815 2703 prime
836 2628 918 2704 quod
939 2647 1008 2687 cum
1031 2631 1173 2690 Demede

163 2733 203 2793 de
228 2735 299 2792 urbe
327 2733 471 2791 tradendi
496 2733 651 2807 Antipatri)
680 2738 868 2792 consenserat
894 2733 1016 2809 eiusque
1044 2738 1173 2796 censilib

113 2865 141 2896 20
164 2840 383 2899 Demosthenes
408 2857 477 2896 cum
501 2844 615 2910 ceteris,
637 2845 688 2913 qui
711 2838 789 2897 bene
814 2838 853 2897 de
878 2845 908 2898 re
931 2841 1052 2915 pfiblice
1072 2844 1174 2902 meriti

164 2947 411 3015 existimebantur,
441 2946 544 3020 populi
579 2950 654 3003 scite
690 2946 721 3002 in
759 2945 892 3002 exsilium
927 2957 1011 3004 erant
1046 2950 1172 3022 expulsi.

165 3055 271 3126 Neque
300 3052 330 3108 in
359 3057 395 3109 ee
424 3052 519 3108 selum
548 3050 721 3122 offenderat,
745 3049 827 3125 quod
854 3050 967 3126 patriae
995 3052 1073 3111 male
1098 3059 1173 3112 cen-

164 3159 298 3228 suluerat,
321 3156 374 3214 sed
396 3157 486 3214 etiarn
507 3156 589 3232 quod
610 3156 756 3214 amicitiae
780 3155 871 3214 fidem
891 3162 952 3214 nen
973 3158 1173 3232 praestiterat.

165 3266 303 3339 Namque
335 3274 438 3322 auctus
469 3263 645 3337 adiutusque
681 3269 699 3321 Ξ
729 3247 938 3321 7ὓέιιιοεῑῑιειιε
974 3281 1042 3322 eum
1079 3283 1174 3340 quem

121 3398 146 3444 25
164 3372 284 3429 tenebat
309 3370 483 3429 ascenderat
507 3369 640 3446 gradum,
662 3387 731 3426 cum
756 3368 895 3427 adversus
916 3368 1076 3428 Charetem
1099 3389 1173 3431 eum

163 3478 335 3536 subtimeret
346 3498 354 3549 3
390 3478 428 3535 ab
459 3474 567 3533 eedem
598 3475 630 3531 in
661 3474 785 3546 iudiciis,
815 3493 882 3532 cum
913 3475 1017 3550 capitis
1048 3495 1174 3537 causam

163 3582 285 3655 diceret,
308 3583 451 3642 defensus
476 3580 660 3655 aliquotiens,
681 3580 819 3639 liberetus
848 3580 1032 3640 discesserat.
1077 3584 1174 3643 Hunc

624 3697 656 3758 96
