2574 4146
120 254 180 318 ¹34
409 251 578 301 corruam
601 251 749 301 NEPOTIS
771 252 879 301 vri-nn
1088 251 1157 316 [xxi.

166 440 254 496 quem
279 423 362 481 initis)
384 434 415 482 et
435 424 498 498 ipse
522 433 552 481 et
573 423 684 482 medici
704 428 947 498 contempsErunt
958 445 966 497 ;
995 442 1063 525 nlam
1085 429 1163 499 puti-

166 539 232 586 runt
254 547 317 587 esse
339 533 504 602 tenesmon,
526 535 574 587 cui
594 529 727 587 remedia
751 531 858 588 celeria
883 531 1039 605 faciliaque
1061 535 1165 606 prepo-

165 634 317 693 nebantur.
361 636 397 692 In
425 635 483 693 hec
511 653 580 693 cum
609 641 668 694 tres
692 640 808 694 menses
832 636 895 694 sine
920 636 985 694 fillis
1009 636 1169 708 doleribus,

165 750 370 815 praeterquam
402 745 476 815 ques
508 759 545 799 ex
573 742 723 799 ceretiene
752 741 898 816 capiebat,
927 743 1169 818 consempsisset,

129 864 139 911 5
166 846 261 905 subite
289 856 371 904 tanta
398 853 439 904 vis
469 847 563 905 morbi
590 847 622 904 in
649 853 741 904 imum
770 848 942 906 intestinum
970 849 1116 923 prerfipit,
1141 859 1174 906 ut

166 956 298 1009 extreme
338 961 473 1026 tempore
509 970 562 1026 per
597 952 713 1011 lumbos
748 953 862 1011 fistulae
896 953 977 1027 priris
1012 955 1173 1028 ereperint.

165 1059 262 1132 Atque
297 1057 356 1115 hec
391 1059 560 1132 priusquam
596 1065 624 1116 ei
658 1057 816 1131 accideret,
847 1069 1006 1133 postquam
1042 1060 1073 1116 in
1110 1060 1176 1118 dies

166 1163 283 1220 doleres
312 1168 482 1222 accrescere
511 1164 666 1238 febresque
695 1165 854 1222 accessisse
881 1165 981 1236 sensit,
1008 1165 1177 1241 Agrippam

165 1286 305 1342 generum
335 1269 373 1328 ad
402 1274 433 1327 se
461 1276 569 1327 arcessi
597 1269 679 1327 iussit
707 1280 737 1327 et
765 1288 833 1327 cum
866 1275 902 1328 eo
935 1271 969 1327 L.
999 1271 1179 1329 Cornelium

117 1397 144 1428 10
167 1375 290 1433 Balbum
323 1376 502 1450 Sextumque
534 1375 733 1433 Peducaeum.
791 1377 857 1433 Hes
885 1385 917 1433 ut
944 1376 1059 1433 venisse
1090 1377 1179 1449 vidit,

167 1476 196 1533 in
225 1477 357 1536 cubitum
385 1479 500 1536 innixus
525 1480 732 1551 “Quantam''
759 1481 861 1552 inquit,
888 1485 1017 1538 “ceram
1046 1482 1179 1558 diligen-

165 1585 296 1659 tiamque
335 1586 365 1642 in
403 1585 570 1644 valetedine
609 1591 677 1643 mee
711 1584 821 1641 tuende
855 1586 912 1643 hoc
948 1597 1085 1661 tempore
1123 1590 1179 1647 ad-

165 1691 319 1763 hibuerim,
355 1709 422 1748 cum
461 1696 514 1748 ves
552 1695 641 1749 testes
679 1690 815 1761 habeam,
854 1691 926 1748 nihil
964 1710 1090 1752 necesse
1132 1707 1182 1754 est

165 1796 295 1870 plirribus
315 1797 410 1854 verbis
432 1802 675 1854 commemorere.
718 1797 832 1870 Quibus
854 1797 1004 1870 quoniam,
1018 1809 1051 1856 ut
1074 1806 1180 1875 spere,

116 1927 141 1974 15
165 1903 306 1972 satisfeci,
328 1906 376 1958 me
398 1901 469 1958 nihil
492 1901 597 1975 reliqui
621 1902 740 1972 secisse,
762 1901 842 1976 quod
868 1902 906 1960 ad
931 1904 1099 1963 senandum
1127 1913 1181 1966 me

165 2008 335 2082 pertineret,
364 2008 508 2080 reliquum
536 2017 581 2065 est
608 2018 641 2065 ut
669 2018 787 2082 egomet
816 2009 887 2065 mihi
916 2011 1081 2068 consulam.
1138 2015 1180 2071 Id

164 2119 217 2171 ves
244 2118 377 2188 ignerere
409 2113 489 2170 nolui
500 2133 508 2184 ;
547 2131 616 2169 nam
646 2113 718 2170 mibi
750 2123 806 2170 stat
838 2115 916 2172 alere
948 2117 1088 2173 morbum
1121 2120 1179 2177 de-

164 2220 270 2278 sinere.
326 2218 463 2292 Namque
498 2219 542 2276 his
575 2218 679 2277 diebus
714 2218 858 2293 quidquid
890 2221 949 2278 cibi
980 2226 1104 2295 sempsi,
1135 2226 1180 2283 ita

164 2325 291 2402 predrixi
315 2331 415 2396 vitam,
436 2333 469 2381 ut
493 2325 625 2381 auxerim
650 2324 767 2382 doleres
791 2325 853 2382 sine
875 2330 928 2399 spe
950 2327 1058 2384 saletis.
1106 2331 1180 2402 Que

113 2459 143 2492 20
164 2437 196 2490 re
224 2437 242 2489 Ξ
269 2431 351 2489 vebis
379 2435 460 2504 pete,
489 2437 616 2504 primum
644 2440 676 2486 ut
708 2431 861 2488 censilium
894 2433 1026 2505 probetis
1059 2453 1177 2508 meum,

164 2536 275 2595 deinde
296 2541 334 2594 ne
356 2537 459 2593 srirstre
480 2534 667 2594 dehortande
689 2535 832 2610 impedire
854 2539 1032 2596 conemini.‘’

204 2645 303 2702 XXII.
333 2644 401 2699 Hec
422 2642 555 2699 eretiene
576 2641 676 2699 habite
694 2647 775 2699 tante
794 2644 960 2701 censtantie
977 2645 1060 2708 vecis
1081 2657 1178 2721 atque

164 2750 269 2820 vultis,
290 2757 322 2805 ut
343 2753 404 2804 nen
426 2765 462 2803 ex
482 2752 549 2818 vite,
571 2747 624 2804 sed
647 2766 684 2805 ex
705 2747 797 2805 dome
818 2748 848 2805 in
870 2748 993 2807 domum
1019 2749 1179 2810 videretur

164 2857 299 2931 migrere,
325 2873 392 2911 cum
418 2851 540 2928 quidem
565 2853 696 2927 Agrippa
720 2871 788 2910 eum
813 2854 886 2912 flens
914 2865 1003 2929 atque
1032 2858 1177 2918 esculens

114 2985 140 3031 ²5
164 2967 260 3020 eraret
287 2971 375 3035 atque
403 2959 573 3017 obsecraret
604 2963 642 3016 ne
668 2959 699 3016 id
724 2958 805 3033 quod
830 2964 933 3017 uetera
957 2965 1081 3036 cegeret
1106 2964 1176 3038 ipse

165 3085 283 3142 quoque
312 3066 367 3124 sibi
395 3063 583 3136 accelereret,
605 3074 644 3136 et,
666 3065 805 3138 quoniam
834 3075 897 3122 tum
923 3083 1042 3141 quoque
1067 3083 1177 3143 posset

165 3173 346 3247 temporibus
379 3189 541 3245 superesse,
569 3174 601 3228 se
632 3170 688 3228 sibi
718 3177 834 3244 suisque
866 3177 1035 3245 reservaret,
1064 3182 1177 3248 preces

165 3279 226 3336 eius
259 3278 404 3335 taciturne
436 3282 488 3333 sue
519 3276 716 3333 obstinatione
745 3274 897 3350 depressit.
948 3278 994 3335 ᾖε
1023 3296 1095 3338 cum
1128 3283 1176 3341 bi-

164 3384 255 3441 duum
279 3383 346 3441 cibo
370 3386 400 3439 se
422 3381 616 3451 abstinuisset,
639 3380 735 3439 subite
757 3381 845 3440 febris
867 3381 996 3441 decessit
1017 3383 1177 3462 leviorque

113 3515 141 3560 30
164 3490 284 3548 morbus
318 3505 382 3545 esse
418 3487 526 3561 coepit.
582 3487 697 3544 Tamen
731 3488 916 3562 prepositum
949 3488 1044 3548 nihile
1081 3494 1177 3554 setius

164 3595 277 3671 peregit
301 3594 400 3668 itaque
425 3592 474 3650 die
499 3597 602 3667 quinte
634 3603 791 3667 postquam
817 3592 847 3649 id
873 3594 1029 3653 censilium
1054 3597 1176 3673 inierat,

163 3700 258 3775 pridie
298 3699 362 3756 Kal.
399 3699 513 3773 Apriles
551 3699 606 3757 Cn.
643 3699 776 3755 Domitie
812 3700 846 3757 C.
880 3700 964 3757 Sesie
998 3705 1177 3766 censulibus
