<?xml version="1.0" encoding="UTF-8"?>
<!DOCTYPE html PUBLIC "-//W3C//DTD XHTML 1.0 Transitional//EN"
    "http://www.w3.org/TR/xhtml1/DTD/xhtml1-transitional.dtd">
<html xmlns="http://www.w3.org/1999/xhtml" xml:lang="en" lang="en">
 <head>
  <title>
</title>
<meta http-equiv="Content-Type" content="text/html;charset=utf-8" />
  <meta name='ocr-system' content='tesseract 3.04.00' />
  <meta name='ocr-capabilities' content='ocr_page ocr_carea ocr_par ocr_line ocrx_word'/>
</head>
<body>
  <div class='ocr_page' id='page_1' title='image "./corneliinepotis02nepogoog_0165.png"; bbox 0 0 2574 4146; ppageno 0'>
   <div class='ocr_carea' id='block_1_1' title="bbox 111 246 1170 317">
    <p class='ocr_par' dir='ltr' id='par_1_1' title="bbox 111 246 1170 317">
     <span class='ocr_line' id='line_1_1' title="bbox 111 246 1170 317; baseline 0.001 -20"><span class='ocrx_word' id='word_1_1' title='bbox 111 249 182 313; x_wconf 72' lang='lat' dir='ltr'>xm]</span> <span class='ocrx_word' id='word_1_2' title='bbox 571 246 717 296; x_wconf 78' lang='lat' dir='ltr'>ATHCUS</span> <span class='ocrx_word' id='word_1_3' title='bbox 1110 252 1170 317; x_wconf 89' lang='lat'>129</span> 
     </span>
    </p>
   </div>
   <div class='ocr_carea' id='block_1_2' title="bbox 111 419 1174 3774">
    <p class='ocr_par' dir='ltr' id='par_1_2' title="bbox 111 419 1154 1131">
     <span class='ocr_line' id='line_1_2' title="bbox 112 419 1118 495; baseline -0.001 -17"><span class='ocrx_word' id='word_1_4' title='bbox 112 426 173 479; x_wconf 74' lang='lat' dir='ltr'>nim</span> <span class='ocrx_word' id='word_1_5' title='bbox 201 422 347 495; x_wconf 78' lang='lat' dir='ltr'>imprimis</span> <span class='ocrx_word' id='word_1_6' title='bbox 375 421 451 478; x_wconf 91' lang='lat' dir='ltr'>bene</span> <span class='ocrx_word' id='word_1_7' title='bbox 479 419 621 478; x_wconf 75' lang='lat' dir='ltr'>habitavit</span> <span class='ocrx_word' id='word_1_8' title='bbox 651 420 846 493; x_wconf 91' lang='lat' dir='ltr'>omnibusque</span> <span class='ocrx_word' id='word_1_9' title='bbox 879 419 999 494; x_wconf 90' lang='lat' dir='ltr'>optimis</span> <span class='ocrx_word' id='word_1_10' title='bbox 1031 419 1118 478; x_wconf 76' lang='lat' dir='ltr'>rebus</span> 
     </span>
     <span class='ocr_line' id='line_1_3' title="bbox 111 524 1118 601; baseline -0.001 -16"><span class='ocrx_word' id='word_1_11' title='bbox 111 532 180 585; x_wconf 81' lang='lat' dir='ltr'>risus</span> <span class='ocrx_word' id='word_1_12' title='bbox 202 537 248 584; x_wconf 89' lang='lat' dir='ltr'>est</span> <span class='ocrx_word' id='word_1_13' title='bbox 258 547 268 599; x_wconf 78' lang='lat'><em>3</em></span> <span class='ocrx_word' id='word_1_14' title='bbox 297 544 366 583; x_wconf 90' lang='lat' dir='ltr'>nam</span> <span class='ocrx_word' id='word_1_15' title='bbox 387 525 510 583; x_wconf 93' lang='lat' dir='ltr'>domum</span> <span class='ocrx_word' id='word_1_16' title='bbox 530 525 631 584; x_wconf 84' lang='lat' dir='ltr'>habuit</span> <span class='ocrx_word' id='word_1_17' title='bbox 650 525 681 582; x_wconf 90' lang='lat' dir='ltr'>in</span> <span class='ocrx_word' id='word_1_18' title='bbox 698 525 773 582; x_wconf 94' lang='lat' dir='ltr'>colle</span> <span class='ocrx_word' id='word_1_19' title='bbox 794 524 936 598; x_wconf 72' lang='lat' dir='ltr'>Quirinali</span> <span class='ocrx_word' id='word_1_20' title='bbox 955 525 1118 601; x_wconf 90' lang='lat' dir='ltr'>Tamphili·</span> 
     </span>
     <span class='ocr_line' id='line_1_4' title="bbox 112 631 1118 705; baseline 0 -14"><span class='ocrx_word' id='word_1_21' title='bbox 112 639 209 705; x_wconf 72' lang='lat' dir='ltr'>anam,</span> <span class='ocrx_word' id='word_1_22' title='bbox 239 633 278 692; x_wconf 90' lang='lat' dir='ltr'>ab</span> <span class='ocrx_word' id='word_1_23' title='bbox 306 633 451 690; x_wconf 68' lang='lat' dir='ltr'>avunculi)</span> <span class='ocrx_word' id='word_1_24' title='bbox 480 631 643 689; x_wconf 76' lang='lat' dir='ltr'>hereditate</span> <span class='ocrx_word' id='word_1_25' title='bbox 672 632 814 703; x_wconf 89' lang='lat' dir='ltr'>relictam,</span> <span class='ocrx_word' id='word_1_26' title='bbox 842 631 924 688; x_wconf 78' lang='lat' dir='ltr'>cuius</span> <span class='ocrx_word' id='word_1_27' title='bbox 955 633 1118 691; x_wconf 78' lang='lat' dir='ltr'>amoenitas</span> 
     </span>
     <span class='ocr_line' id='line_1_5' title="bbox 112 721 1118 813; baseline -0.001 -15"><span class='ocrx_word' id='word_1_28' title='bbox 112 746 173 798; x_wconf 74' lang='lat' dir='ltr'>min</span> <span class='ocrx_word' id='word_1_29' title='bbox 203 739 351 810; x_wconf 70' lang='lat' dir='ltr'>aedificii),</span> <span class='ocrx_word' id='word_1_30' title='bbox 380 737 433 796; x_wconf 90' lang='lat' dir='ltr'>sed</span> <span class='ocrx_word' id='word_1_31' title='bbox 461 737 533 795; x_wconf 76' lang='lat' dir='ltr'>silva</span> <span class='ocrx_word' id='word_1_32' title='bbox 560 721 869 813; x_wconf 73' lang='lat' dir='ltr'>cdnstabat-ipsum</span> <span class='ocrx_word' id='word_1_33' title='bbox 898 737 978 795; x_wconf 92' lang='lat' dir='ltr'>enim</span> <span class='ocrx_word' id='word_1_34' title='bbox 1006 743 1118 797; x_wconf 78' lang='lat' dir='ltr'>tectum</span> 
     </span>
     <span class='ocr_line' id='line_1_6' title="bbox 112 843 1154 920; baseline 0.001 -18"><span class='ocrx_word' id='word_1_35' title='bbox 112 845 274 920; x_wconf 87' lang='lat' dir='ltr'>antiquitus</span> <span class='ocrx_word' id='word_1_36' title='bbox 302 845 494 902; x_wconf 75' lang='lat' dir='ltr'>cdnstitirtum</span> <span class='ocrx_word' id='word_1_37' title='bbox 524 843 589 918; x_wconf 79' lang='lat' dir='ltr'>plus</span> <span class='ocrx_word' id='word_1_38' title='bbox 617 843 684 901; x_wconf 90' lang='lat' dir='ltr'>salis</span> <span class='ocrx_word' id='word_1_39' title='bbox 711 861 801 917; x_wconf 89' lang='lat' dir='ltr'>quam</span> <span class='ocrx_word' id='word_1_40' title='bbox 829 849 962 918; x_wconf 74' lang='lat' dir='ltr'>sumptus</span> <span class='ocrx_word' id='word_1_41' title='bbox 991 843 1120 904; x_wconf 80' lang='lat' dir='ltr'>habebat</span> <span class='ocrx_word' id='word_1_42' title='bbox 1143 868 1154 914; x_wconf 84' lang='lat'>5</span> 
     </span>
     <span class='ocr_line' id='line_1_7' title="bbox 112 948 1119 1025; baseline 0.003 -18"><span class='ocrx_word' id='word_1_43' title='bbox 112 950 191 1008; x_wconf 91' lang='lat' dir='ltr'>-in</span> <span class='ocrx_word' id='word_1_44' title='bbox 217 955 279 1025; x_wconf 74' lang='lat' dir='ltr'>qud</span> <span class='ocrx_word' id='word_1_45' title='bbox 304 949 375 1007; x_wconf 90' lang='lat' dir='ltr'>nihil</span> <span class='ocrx_word' id='word_1_46' title='bbox 394 950 596 1021; x_wconf 74' lang='lat' dir='ltr'>commutavit,</span> <span class='ocrx_word' id='word_1_47' title='bbox 619 949 673 1006; x_wconf 90' lang='lat' dir='ltr'>nisi</span> <span class='ocrx_word' id='word_1_48' title='bbox 695 955 719 1006; x_wconf 90' lang='lat' dir='ltr'>si</span> <span class='ocrx_word' id='word_1_49' title='bbox 739 948 812 1023; x_wconf 92' lang='lat' dir='ltr'>quid</span> <span class='ocrx_word' id='word_1_50' title='bbox 832 956 977 1008; x_wconf 74' lang='lat' dir='ltr'>vetustate</span> <span class='ocrx_word' id='word_1_51' title='bbox 999 958 1119 1010; x_wconf 80' lang='lat' dir='ltr'>coactus</span> 
     </span>
     <span class='ocr_line' id='line_1_8' title="bbox 113 1036 1119 1131; baseline 0.002 -18"><span class='ocrx_word' id='word_1_52' title='bbox 113 1036 173 1114; x_wconf 73' lang='lat' dir='ltr'>est</span> <span class='ocrx_word' id='word_1_53' title='bbox 210 1042 290 1116; x_wconf 75' lang='lat' dir='ltr'>Usus</span> <span class='ocrx_word' id='word_1_54' title='bbox 311 1065 356 1114; x_wconf 90' lang='lat' dir='ltr'>est</span> <span class='ocrx_word' id='word_1_55' title='bbox 377 1055 495 1127; x_wconf 74' lang='lat' dir='ltr'>familia,</span> <span class='ocrx_word' id='word_1_56' title='bbox 513 1061 536 1112; x_wconf 92' lang='lat' dir='ltr'>si</span> <span class='ocrx_word' id='word_1_57' title='bbox 556 1054 680 1113; x_wconf 76' lang='lat' dir='ltr'>utilitate</span> <span class='ocrx_word' id='word_1_58' title='bbox 703 1054 895 1113; x_wconf 77' lang='lat' dir='ltr'>iudicandum</span> <span class='ocrx_word' id='word_1_59' title='bbox 917 1066 969 1128; x_wconf 91' lang='lat' dir='ltr'>est,</span> <span class='ocrx_word' id='word_1_60' title='bbox 987 1057 1119 1131; x_wconf 76' lang='lat' dir='ltr'>optima;</span> 
     </span>
    </p>

    <p class='ocr_par' dir='ltr' id='par_1_3' title="bbox 113 1160 1171 2611">
     <span class='ocr_line' id='line_1_9' title="bbox 113 1160 1118 1237; baseline 0.002 -18"><span class='ocrx_word' id='word_1_61' title='bbox 113 1168 137 1219; x_wconf 91' lang='lat' dir='ltr'>si</span> <span class='ocrx_word' id='word_1_62' title='bbox 164 1162 276 1233; x_wconf 63' lang='lat' dir='ltr'>ferma,</span> <span class='ocrx_word' id='word_1_63' title='bbox 297 1161 345 1218; x_wconf 89' lang='lat' dir='ltr'>vix</span> <span class='ocrx_word' id='word_1_64' title='bbox 373 1160 525 1219; x_wconf 88' lang='lat' dir='ltr'>mediocri.</span> <span class='ocrx_word' id='word_1_65' title='bbox 569 1162 706 1236; x_wconf 90' lang='lat' dir='ltr'>Namque</span> <span class='ocrx_word' id='word_1_66' title='bbox 731 1162 761 1219; x_wconf 91' lang='lat' dir='ltr'>in</span> <span class='ocrx_word' id='word_1_67' title='bbox 789 1167 826 1219; x_wconf 72' lang='lat' dir='ltr'>ea</span> <span class='ocrx_word' id='word_1_68' title='bbox 852 1172 935 1220; x_wconf 89' lang='lat' dir='ltr'>erant</span> <span class='ocrx_word' id='word_1_69' title='bbox 963 1169 1046 1237; x_wconf 90' lang='lat' dir='ltr'>pueri</span> <span class='ocrx_word' id='word_1_70' title='bbox 1073 1164 1118 1221; x_wconf 90' lang='lat' dir='ltr'>lit-</span> 
     </span>
     <span class='ocr_line' id='line_1_10' title="bbox 114 1267 1119 1342; baseline 0.002 -17"><span class='ocrx_word' id='word_1_71' title='bbox 114 1267 292 1339; x_wconf 81' lang='lat' dir='ltr'>teratissimi,</span> <span class='ocrx_word' id='word_1_72' title='bbox 320 1271 500 1341; x_wconf 74' lang='lat' dir='ltr'>anagndstae</span> <span class='ocrx_word' id='word_1_73' title='bbox 529 1267 635 1341; x_wconf 90' lang='lat' dir='ltr'>optimi</span> <span class='ocrx_word' id='word_1_74' title='bbox 666 1277 696 1324; x_wconf 90' lang='lat' dir='ltr'>et</span> <span class='ocrx_word' id='word_1_75' title='bbox 726 1267 844 1342; x_wconf 82' lang='lat' dir='ltr'>plurimi</span> <span class='ocrx_word' id='word_1_76' title='bbox 875 1268 989 1340; x_wconf 72' lang='lat' dir='ltr'>librarii,</span> <span class='ocrx_word' id='word_1_77' title='bbox 1017 1279 1050 1326; x_wconf 94' lang='lat' dir='ltr'>ut</span> <span class='ocrx_word' id='word_1_78' title='bbox 1081 1274 1119 1327; x_wconf 73' lang='lat' dir='ltr'>ne</span> 
     </span>
     <span class='ocr_line' id='line_1_11' title="bbox 113 1371 1170 1450; baseline 0.002 -19"><span class='ocrx_word' id='word_1_79' title='bbox 113 1372 296 1448; x_wconf 89' lang='lat' dir='ltr'>pedisequus</span> <span class='ocrx_word' id='word_1_80' title='bbox 327 1371 450 1446; x_wconf 92' lang='lat' dir='ltr'>quidem</span> <span class='ocrx_word' id='word_1_81' title='bbox 482 1373 637 1446; x_wconf 90' lang='lat' dir='ltr'>quisquam</span> <span class='ocrx_word' id='word_1_82' title='bbox 668 1383 746 1430; x_wconf 93' lang='lat' dir='ltr'>esset</span> <span class='ocrx_word' id='word_1_83' title='bbox 783 1379 834 1447; x_wconf 89' lang='lat' dir='ltr'>qui</span> <span class='ocrx_word' id='word_1_84' title='bbox 868 1379 928 1431; x_wconf 75' lang='lat' dir='ltr'>nim</span> <span class='ocrx_word' id='word_1_85' title='bbox 963 1385 1118 1450; x_wconf 90' lang='lat' dir='ltr'>utrumque</span> <span class='ocrx_word' id='word_1_86' title='bbox 1144 1394 1170 1424; x_wconf 88' lang='lat'>10</span> 
     </span>
     <span class='ocr_line' id='line_1_12' title="bbox 114 1477 1119 1553; baseline 0.002 -17"><span class='ocrx_word' id='word_1_87' title='bbox 114 1478 222 1536; x_wconf 69' lang='lat' dir='ltr'>herum</span> <span class='ocrx_word' id='word_1_88' title='bbox 247 1478 369 1553; x_wconf 80' lang='lat' dir='ltr'>pulchre</span> <span class='ocrx_word' id='word_1_89' title='bbox 395 1477 492 1535; x_wconf 87' lang='lat' dir='ltr'>facere</span> <span class='ocrx_word' id='word_1_90' title='bbox 519 1488 639 1552; x_wconf 81' lang='lat' dir='ltr'>posset3</span> <span class='ocrx_word' id='word_1_91' title='bbox 657 1485 718 1553; x_wconf 88' lang='lat' dir='ltr'>pari</span> <span class='ocrx_word' id='word_1_92' title='bbox 746 1479 837 1537; x_wconf 74' lang='lat' dir='ltr'>modi)</span> <span class='ocrx_word' id='word_1_93' title='bbox 865 1481 991 1537; x_wconf 75' lang='lat' dir='ltr'>artifices</span> <span class='ocrx_word' id='word_1_94' title='bbox 1019 1486 1119 1551; x_wconf 77' lang='lat' dir='ltr'>ceteri,</span> 
     </span>
     <span class='ocr_line' id='line_1_13' title="bbox 114 1583 1119 1660; baseline 0.003 -20"><span class='ocrx_word' id='word_1_95' title='bbox 114 1590 190 1658; x_wconf 74' lang='lat' dir='ltr'>queis</span> <span class='ocrx_word' id='word_1_96' title='bbox 215 1583 311 1641; x_wconf 87' lang='lat' dir='ltr'>cultus</span> <span class='ocrx_word' id='word_1_97' title='bbox 336 1583 516 1643; x_wconf 88' lang='lat' dir='ltr'>domesticus</span> <span class='ocrx_word' id='word_1_98' title='bbox 546 1584 703 1655; x_wconf 82' lang='lat' dir='ltr'>desiderat,</span> <span class='ocrx_word' id='word_1_99' title='bbox 729 1589 861 1659; x_wconf 83' lang='lat' dir='ltr'>apprime</span> <span class='ocrx_word' id='word_1_100' title='bbox 890 1586 969 1643; x_wconf 88' lang='lat' dir='ltr'>boni.</span> <span class='ocrx_word' id='word_1_101' title='bbox 1013 1587 1119 1660; x_wconf 91' lang='lat' dir='ltr'>Neque</span> 
     </span>
     <span class='ocr_line' id='line_1_14' title="bbox 114 1681 1119 1765; baseline 0.002 -19"><span class='ocrx_word' id='word_1_102' title='bbox 114 1699 216 1746; x_wconf 91' lang='lat' dir='ltr'>tamen</span> <span class='ocrx_word' id='word_1_103' title='bbox 258 1688 363 1747; x_wconf 77' lang='lat' dir='ltr'>hdmm</span> <span class='ocrx_word' id='word_1_104' title='bbox 404 1707 585 1763; x_wconf 89' lang='lat' dir='ltr'><strong>quemquam</strong></span> <span class='ocrx_word' id='word_1_105' title='bbox 625 1690 681 1747; x_wconf 91' lang='lat' dir='ltr'>nisi</span> <span class='ocrx_word' id='word_1_106' title='bbox 718 1689 801 1748; x_wconf 91' lang='lat' dir='ltr'>domi</span> <span class='ocrx_word' id='word_1_107' title='bbox 839 1696 939 1748; x_wconf 76' lang='lat' dir='ltr'>natum</span> <span class='ocrx_word' id='word_1_108' title='bbox 971 1681 1119 1765; x_wconf 84' lang='lat' dir='ltr'>¹domique</span> 
     </span>
     <span class='ocr_line' id='line_1_15' title="bbox 114 1794 1119 1869; baseline 0.002 -17"><span class='ocrx_word' id='word_1_109' title='bbox 114 1795 227 1853; x_wconf 87' lang='lat' dir='ltr'>sactum</span> <span class='ocrx_word' id='word_1_110' title='bbox 248 1794 369 1867; x_wconf 83' lang='lat' dir='ltr'>habuit3</span> <span class='ocrx_word' id='word_1_111' title='bbox 397 1794 479 1869; x_wconf 90' lang='lat' dir='ltr'>quod</span> <span class='ocrx_word' id='word_1_112' title='bbox 501 1806 546 1853; x_wconf 90' lang='lat' dir='ltr'>est</span> <span class='ocrx_word' id='word_1_113' title='bbox 567 1801 681 1869; x_wconf 87' lang='lat' dir='ltr'>signum</span> <span class='ocrx_word' id='word_1_114' title='bbox 704 1801 766 1852; x_wconf 73' lang='lat' dir='ltr'>nim</span> <span class='ocrx_word' id='word_1_115' title='bbox 790 1796 885 1853; x_wconf 72' lang='lat' dir='ltr'>sdlum</span> <span class='ocrx_word' id='word_1_116' title='bbox 910 1797 1119 1868; x_wconf 86' lang='lat' dir='ltr'>continentiae,</span> 
     </span>
     <span class='ocr_line' id='line_1_16' title="bbox 114 1901 1169 1978; baseline -0.001 -19"><span class='ocrx_word' id='word_1_117' title='bbox 114 1901 168 1959; x_wconf 88' lang='lat' dir='ltr'>sed</span> <span class='ocrx_word' id='word_1_118' title='bbox 194 1901 285 1960; x_wconf 90' lang='lat' dir='ltr'>etiam</span> <span class='ocrx_word' id='word_1_119' title='bbox 310 1901 488 1976; x_wconf 88' lang='lat' dir='ltr'>diligentiae.</span> <span class='ocrx_word' id='word_1_120' title='bbox 532 1903 611 1958; x_wconf 90' lang='lat' dir='ltr'>Nam</span> <span class='ocrx_word' id='word_1_121' title='bbox 639 1912 669 1958; x_wconf 91' lang='lat' dir='ltr'>et</span> <span class='ocrx_word' id='word_1_122' title='bbox 696 1907 756 1959; x_wconf 70' lang='lat' dir='ltr'>nim</span> <span class='ocrx_word' id='word_1_123' title='bbox 785 1903 1016 1978; x_wconf 87' lang='lat' dir='ltr'>intemperanter</span> <span class='ocrx_word' id='word_1_124' title='bbox 1048 1921 1118 1961; x_wconf 90' lang='lat' dir='ltr'>con·</span> <span class='ocrx_word' id='word_1_125' title='bbox 1145 1927 1169 1973; x_wconf 80' lang='lat'>¹5</span> 
     </span>
     <span class='ocr_line' id='line_1_17' title="bbox 114 2005 1119 2082; baseline 0.003 -18"><span class='ocrx_word' id='word_1_126' title='bbox 114 2014 278 2082; x_wconf 87' lang='lat' dir='ltr'>cupiscere,</span> <span class='ocrx_word' id='word_1_127' title='bbox 300 2007 383 2081; x_wconf 93' lang='lat' dir='ltr'>quod</span> <span class='ocrx_word' id='word_1_128' title='bbox 403 2013 421 2065; x_wconf 72' lang='lat' dir='ltr'>a</span> <span class='ocrx_word' id='word_1_129' title='bbox 442 2006 572 2082; x_wconf 85' lang='lat' dir='ltr'>phirimis</span> <span class='ocrx_word' id='word_1_130' title='bbox 594 2005 702 2078; x_wconf 67' lang='lat' dir='ltr'>videas</span> <span class='ocrx_word' id='word_1_131' title='bbox 724 2009 904 2066; x_wconf 87' lang='lat' dir='ltr'>continentis</span> <span class='ocrx_word' id='word_1_132' title='bbox 925 2009 1016 2067; x_wconf 77' lang='lat' dir='ltr'>dehet</span> <span class='ocrx_word' id='word_1_133' title='bbox 1041 2008 1119 2080; x_wconf 74' lang='lat' dir='ltr'>duci,</span> 
     </span>
     <span class='ocr_line' id='line_1_18' title="bbox 114 2112 1121 2187; baseline 0.001 -16"><span class='ocrx_word' id='word_1_134' title='bbox 114 2123 145 2171; x_wconf 90' lang='lat' dir='ltr'>et</span> <span class='ocrx_word' id='word_1_135' title='bbox 169 2113 269 2187; x_wconf 90' lang='lat' dir='ltr'>potius</span> <span class='ocrx_word' id='word_1_136' title='bbox 294 2112 436 2170; x_wconf 75' lang='lat' dir='ltr'>industria</span> <span class='ocrx_word' id='word_1_137' title='bbox 459 2130 549 2186; x_wconf 90' lang='lat' dir='ltr'>quam</span> <span class='ocrx_word' id='word_1_138' title='bbox 574 2113 669 2186; x_wconf 67' lang='lat' dir='ltr'>pretii&gt;</span> <span class='ocrx_word' id='word_1_139' title='bbox 691 2118 793 2186; x_wconf 76' lang='lat' dir='ltr'>parire</span> <span class='ocrx_word' id='word_1_140' title='bbox 815 2119 874 2171; x_wconf 71' lang='lat' dir='ltr'>min</span> <span class='ocrx_word' id='word_1_141' title='bbox 896 2114 1054 2172; x_wconf 89' lang='lat' dir='ltr'>mediocris</span> <span class='ocrx_word' id='word_1_142' title='bbox 1076 2124 1121 2172; x_wconf 90' lang='lat' dir='ltr'>est</span> 
     </span>
     <span class='ocr_line' id='line_1_19' title="bbox 114 2205 1120 2293; baseline 0.001 -17"><span class='ocrx_word' id='word_1_143' title='bbox 114 2217 296 2293; x_wconf 84' lang='lat' dir='ltr'>diligentiae.</span> <span class='ocrx_word' id='word_1_144' title='bbox 350 2205 486 2293; x_wconf 75' lang='lat' dir='ltr'>Elegans,</span> <span class='ocrx_word' id='word_1_145' title='bbox 522 2223 582 2276; x_wconf 72' lang='lat' dir='ltr'>nim</span> <span class='ocrx_word' id='word_1_146' title='bbox 619 2218 801 2292; x_wconf 78' lang='lat' dir='ltr'>magnificus,</span> <span class='ocrx_word' id='word_1_147' title='bbox 839 2218 1021 2293; x_wconf 87' lang='lat' dir='ltr'>splendidus,</span> <span class='ocrx_word' id='word_1_148' title='bbox 1060 2226 1120 2278; x_wconf 74' lang='lat' dir='ltr'>nt&#39;m</span> 
     </span>
     <span class='ocr_line' id='line_1_20' title="bbox 114 2324 1120 2400; baseline 0.002 -18"><span class='ocrx_word' id='word_1_149' title='bbox 114 2329 306 2400; x_wconf 75' lang='lat' dir='ltr'>sumptudsus</span> <span class='ocrx_word' id='word_1_150' title='bbox 316 2344 326 2396; x_wconf 89' lang='lat'>;</span> <span class='ocrx_word' id='word_1_151' title='bbox 360 2325 516 2399; x_wconf 91' lang='lat' dir='ltr'>omnisque</span> <span class='ocrx_word' id='word_1_152' title='bbox 544 2324 697 2400; x_wconf 87' lang='lat' dir='ltr'>diligentia</span> <span class='ocrx_word' id='word_1_153' title='bbox 726 2325 910 2396; x_wconf 86' lang='lat' dir='ltr'>munditiam,</span> <span class='ocrx_word' id='word_1_154' title='bbox 939 2331 1000 2383; x_wconf 74' lang='lat' dir='ltr'>nim</span> <span class='ocrx_word' id='word_1_155' title='bbox 1027 2326 1120 2385; x_wconf 88' lang='lat' dir='ltr'>adflu-</span> 
     </span>
     <span class='ocr_line' id='line_1_21' title="bbox 115 2429 1171 2505; baseline 0.002 -17"><span class='ocrx_word' id='word_1_156' title='bbox 115 2431 226 2488; x_wconf 86' lang='lat' dir='ltr'>entiam</span> <span class='ocrx_word' id='word_1_157' title='bbox 256 2429 435 2489; x_wconf 76' lang='lat' dir='ltr'>adfectabat.</span> <span class='ocrx_word' id='word_1_158' title='bbox 491 2431 628 2505; x_wconf 86' lang='lat' dir='ltr'>Supellex</span> <span class='ocrx_word' id='word_1_159' title='bbox 656 2429 785 2503; x_wconf 90' lang='lat' dir='ltr'>modica,</span> <span class='ocrx_word' id='word_1_160' title='bbox 813 2436 874 2488; x_wconf 78' lang='lat' dir='ltr'>min</span> <span class='ocrx_word' id='word_1_161' title='bbox 902 2432 1002 2502; x_wconf 86' lang='lat' dir='ltr'>multa,</span> <span class='ocrx_word' id='word_1_162' title='bbox 1031 2441 1064 2489; x_wconf 91' lang='lat' dir='ltr'>ut</span> <span class='ocrx_word' id='word_1_163' title='bbox 1091 2432 1122 2489; x_wconf 91' lang='lat' dir='ltr'>in</span> <span class='ocrx_word' id='word_1_164' title='bbox 1143 2458 1171 2490; x_wconf 85' lang='lat'>20</span> 
     </span>
     <span class='ocr_line' id='line_1_22' title="bbox 115 2537 673 2611; baseline 0.002 -18"><span class='ocrx_word' id='word_1_165' title='bbox 115 2546 252 2594; x_wconf 91' lang='lat' dir='ltr'>neutram</span> <span class='ocrx_word' id='word_1_166' title='bbox 273 2546 387 2611; x_wconf 89' lang='lat' dir='ltr'>partem</span> <span class='ocrx_word' id='word_1_167' title='bbox 410 2537 543 2611; x_wconf 74' lang='lat' dir='ltr'>cdnspici</span> <span class='ocrx_word' id='word_1_168' title='bbox 563 2546 673 2610; x_wconf 89' lang='lat' dir='ltr'>posset.</span> 
     </span>
    </p>

    <p class='ocr_par' dir='ltr' id='par_1_4' title="bbox 117 2641 1170 3438">
     <span class='ocr_line' id='line_1_23' title="bbox 157 2641 1122 2715; baseline 0.001 -16"><span class='ocrx_word' id='word_1_169' title='bbox 157 2643 224 2699; x_wconf 92' lang='lat' dir='ltr'>Nec</span> <span class='ocrx_word' id='word_1_170' title='bbox 261 2641 436 2715; x_wconf 72' lang='lat' dir='ltr'>praeteribi),</span> <span class='ocrx_word' id='word_1_171' title='bbox 468 2658 648 2714; x_wconf 87' lang='lat' dir='ltr'>quamquam</span> <span class='ocrx_word' id='word_1_172' title='bbox 683 2641 828 2699; x_wconf 76' lang='lat' dir='ltr'>ndnnullis</span> <span class='ocrx_word' id='word_1_173' title='bbox 863 2641 927 2700; x_wconf 90' lang='lat' dir='ltr'>leve</span> <span class='ocrx_word' id='word_1_174' title='bbox 961 2647 1054 2699; x_wconf 87' lang='lat' dir='ltr'>visum</span> <span class='ocrx_word' id='word_1_175' title='bbox 1088 2646 1122 2700; x_wconf 87' lang='lat' dir='ltr'>iri</span> 
     </span>
     <span class='ocr_line' id='line_1_24' title="bbox 117 2745 1122 2822; baseline 0.001 -18"><span class='ocrx_word' id='word_1_176' title='bbox 117 2756 229 2822; x_wconf 90' lang='lat' dir='ltr'>putem,</span> <span class='ocrx_word' id='word_1_177' title='bbox 252 2764 322 2803; x_wconf 91' lang='lat' dir='ltr'>cum</span> <span class='ocrx_word' id='word_1_178' title='bbox 343 2745 485 2820; x_wconf 87' lang='lat' dir='ltr'>imprimis</span> <span class='ocrx_word' id='word_1_179' title='bbox 510 2746 604 2804; x_wconf 89' lang='lat' dir='ltr'>lautus</span> <span class='ocrx_word' id='word_1_180' title='bbox 626 2756 703 2804; x_wconf 91' lang='lat' dir='ltr'>esset</span> <span class='ocrx_word' id='word_1_181' title='bbox 724 2764 815 2820; x_wconf 88' lang='lat' dir='ltr'>eques</span> <span class='ocrx_word' id='word_1_182' title='bbox 836 2749 989 2805; x_wconf 74' lang='lat' dir='ltr'>Rdmanus</span> <span class='ocrx_word' id='word_1_183' title='bbox 1010 2753 1122 2805; x_wconf 75' lang='lat' dir='ltr'>etnim</span> 
     </span>
     <span class='ocr_line' id='line_1_25' title="bbox 118 2850 1122 2926; baseline 0.003 -18"><span class='ocrx_word' id='word_1_184' title='bbox 118 2870 221 2926; x_wconf 90' lang='lat' dir='ltr'>pamm</span> <span class='ocrx_word' id='word_1_185' title='bbox 247 2850 404 2909; x_wconf 77' lang='lat' dir='ltr'>liberaliter</span> <span class='ocrx_word' id='word_1_186' title='bbox 425 2850 549 2909; x_wconf 92' lang='lat' dir='ltr'>domum</span> <span class='ocrx_word' id='word_1_187' title='bbox 571 2870 653 2909; x_wconf 91' lang='lat' dir='ltr'>suam</span> <span class='ocrx_word' id='word_1_188' title='bbox 675 2852 807 2909; x_wconf 91' lang='lat' dir='ltr'>omnium</span> <span class='ocrx_word' id='word_1_189' title='bbox 829 2851 966 2910; x_wconf 80' lang='lat' dir='ltr'>‹irdinum</span> <span class='ocrx_word' id='word_1_190' title='bbox 987 2853 1122 2912; x_wconf 75' lang='lat' dir='ltr'>homines</span> 
     </span>
     <span class='ocr_line' id='line_1_26' title="bbox 119 2958 1170 3034; baseline 0.004 -21"><span class='ocrx_word' id='word_1_191' title='bbox 119 2958 261 3028; x_wconf 73' lang='lat' dir='ltr'>invitaret,</span> <span class='ocrx_word' id='word_1_192' title='bbox 296 2961 358 3014; x_wconf 77' lang='lat' dir='ltr'>ndu</span> <span class='ocrx_word' id='word_1_193' title='bbox 392 2958 517 3032; x_wconf 88' lang='lat' dir='ltr'>amplius</span> <span class='ocrx_word' id='word_1_194' title='bbox 552 2975 641 3032; x_wconf 91' lang='lat' dir='ltr'>quam</span> <span class='ocrx_word' id='word_1_195' title='bbox 677 2967 761 3015; x_wconf 88' lang='lat' dir='ltr'>terna</span> <span class='ocrx_word' id='word_1_196' title='bbox 794 2958 874 3015; x_wconf 88' lang='lat' dir='ltr'>milia</span> <span class='ocrx_word' id='word_1_197' title='bbox 909 2964 1057 3033; x_wconf 77' lang='lat' dir='ltr'>peraeque</span> <span class='ocrx_word' id='word_1_198' title='bbox 1091 2961 1122 3017; x_wconf 91' lang='lat' dir='ltr'>in</span> <span class='ocrx_word' id='word_1_199' title='bbox 1145 2986 1170 3034; x_wconf 82' lang='lat'>²5</span> 
     </span>
     <span class='ocr_line' id='line_1_27' title="bbox 120 3061 1123 3139; baseline 0.003 -20"><span class='ocrx_word' id='word_1_200' title='bbox 120 3063 246 3137; x_wconf 67' lang='lat' dir='ltr'>singulis</span> <span class='ocrx_word' id='word_1_201' title='bbox 275 3065 392 3120; x_wconf 74' lang='lat' dir='ltr'>menses</span> <span class='ocrx_word' id='word_1_202' title='bbox 423 3080 461 3120; x_wconf 87' lang='lat' dir='ltr'>ex</span> <span class='ocrx_word' id='word_1_203' title='bbox 488 3061 677 3138; x_wconf 78' lang='lat' dir='ltr'>ephemeride</span> <span class='ocrx_word' id='word_1_204' title='bbox 706 3081 774 3121; x_wconf 91' lang='lat' dir='ltr'>eum</span> <span class='ocrx_word' id='word_1_205' title='bbox 802 3068 964 3138; x_wconf 75' lang='lat' dir='ltr'>expensum</span> <span class='ocrx_word' id='word_1_206' title='bbox 993 3069 1123 3139; x_wconf 70' lang='lat' dir='ltr'>stimptui</span> 
     </span>
     <span class='ocr_line' id='line_1_28' title="bbox 122 3167 1122 3244; baseline 0.004 -21"><span class='ocrx_word' id='word_1_207' title='bbox 122 3167 191 3225; x_wconf 90' lang='lat' dir='ltr'>lerre</span> <span class='ocrx_word' id='word_1_208' title='bbox 220 3167 350 3226; x_wconf 88' lang='lat' dir='ltr'>solitum.</span> <span class='ocrx_word' id='word_1_209' title='bbox 405 3169 503 3242; x_wconf 87' lang='lat' dir='ltr'>Atque</span> <span class='ocrx_word' id='word_1_210' title='bbox 534 3168 592 3225; x_wconf 75' lang='lat' dir='ltr'>hdc</span> <span class='ocrx_word' id='word_1_211' title='bbox 622 3173 683 3226; x_wconf 72' lang='lat' dir='ltr'>nim</span> <span class='ocrx_word' id='word_1_212' title='bbox 713 3168 856 3240; x_wconf 90' lang='lat' dir='ltr'>auditum,</span> <span class='ocrx_word' id='word_1_213' title='bbox 885 3169 939 3227; x_wconf 90' lang='lat' dir='ltr'>sed</span> <span class='ocrx_word' id='word_1_214' title='bbox 970 3170 1122 3244; x_wconf 77' lang='lat' dir='ltr'>cdgnitum</span> 
     </span>
     <span class='ocr_line' id='line_1_29' title="bbox 124 3259 1121 3349; baseline 0.003 -19"><span class='ocrx_word' id='word_1_215' title='bbox 124 3272 324 3344; x_wconf 73' lang='lat' dir='ltr'>praedicimus</span> <span class='ocrx_word' id='word_1_216' title='bbox 335 3293 344 3345; x_wconf 91' lang='lat'>;</span> <span class='ocrx_word' id='word_1_217' title='bbox 376 3259 466 3349; x_wconf 90' lang='lat' dir='ltr'>saepe</span> <span class='ocrx_word' id='word_1_218' title='bbox 495 3274 574 3330; x_wconf 87' lang='lat' dir='ltr'>enim</span> <span class='ocrx_word' id='word_1_219' title='bbox 601 3284 723 3349; x_wconf 89' lang='lat' dir='ltr'>propter</span> <span class='ocrx_word' id='word_1_220' title='bbox 749 3274 975 3332; x_wconf 71' lang='lat' dir='ltr'>familiirititem</span> <span class='ocrx_word' id='word_1_221' title='bbox 1004 3274 1121 3333; x_wconf 90' lang='lat' dir='ltr'>domes-</span> 
     </span>
     <span class='ocr_line' id='line_1_30' title="bbox 125 3377 507 3438; baseline 0.01 -6"><span class='ocrx_word' id='word_1_222' title='bbox 125 3377 184 3435; x_wconf 86' lang='lat' dir='ltr'>ticis</span> <span class='ocrx_word' id='word_1_223' title='bbox 204 3380 293 3438; x_wconf 76' lang='lat' dir='ltr'>rebus</span> <span class='ocrx_word' id='word_1_224' title='bbox 313 3378 507 3436; x_wconf 84' lang='lat' dir='ltr'>interfuimus.</span> 
     </span>
    </p>

    <p class='ocr_par' dir='ltr' id='par_1_5' title="bbox 130 3484 1174 3774">
     <span class='ocr_line' id='line_1_31' title="bbox 160 3484 1174 3563; baseline 0.004 -21"><span class='ocrx_word' id='word_1_225' title='bbox 160 3484 239 3543; x_wconf 89' lang='lat' dir='ltr'>XIV.</span> <span class='ocrx_word' id='word_1_226' title='bbox 276 3484 375 3542; x_wconf 72' lang='lat' dir='ltr'>Nemi&gt;</span> <span class='ocrx_word' id='word_1_227' title='bbox 406 3484 437 3541; x_wconf 89' lang='lat' dir='ltr'>in</span> <span class='ocrx_word' id='word_1_228' title='bbox 468 3485 602 3543; x_wconf 70' lang='lat' dir='ltr'>convivia</span> <span class='ocrx_word' id='word_1_229' title='bbox 633 3485 695 3543; x_wconf 67' lang='lat' dir='ltr'>iius</span> <span class='ocrx_word' id='word_1_230' title='bbox 726 3485 806 3543; x_wconf 92' lang='lat' dir='ltr'>aliud</span> <span class='ocrx_word' id='word_1_231' title='bbox 840 3491 978 3543; x_wconf 78' lang='lat' dir='ltr'>acroama</span> <span class='ocrx_word' id='word_1_232' title='bbox 1012 3485 1123 3544; x_wconf 92' lang='lat' dir='ltr'>audivit</span> <span class='ocrx_word' id='word_1_233' title='bbox 1145 3517 1174 3563; x_wconf 84' lang='lat'>30</span> 
     </span>
     <span class='ocr_line' id='line_1_32' title="bbox 130 3589 1121 3665; baseline 0.001 -18"><span class='ocrx_word' id='word_1_234' title='bbox 130 3604 208 3661; x_wconf 90' lang='lat' dir='ltr'>quam</span> <span class='ocrx_word' id='word_1_235' title='bbox 231 3593 425 3665; x_wconf 73' lang='lat' dir='ltr'>anagndsten,</span> <span class='ocrx_word' id='word_1_236' title='bbox 446 3589 528 3664; x_wconf 91' lang='lat' dir='ltr'>quod</span> <span class='ocrx_word' id='word_1_237' title='bbox 552 3594 607 3648; x_wconf 74' lang='grc' dir='ltr'>ηδε</span> <span class='ocrx_word' id='word_1_238' title='bbox 631 3589 753 3664; x_wconf 92' lang='lat' dir='ltr'>quidem</span> <span class='ocrx_word' id='word_1_239' title='bbox 779 3590 1022 3650; x_wconf 79' lang='lat' dir='ltr'>iucundissimum</span> <span class='ocrx_word' id='word_1_240' title='bbox 1047 3591 1121 3650; x_wconf 88' lang='lat' dir='ltr'>arbi·</span> 
     </span>
     <span class='ocr_line' id='line_1_33' title="bbox 133 3696 1123 3774; baseline 0.005 -25"><span class='ocrx_word' id='word_1_241' title='bbox 133 3699 247 3770; x_wconf 77' lang='lat' dir='ltr'>tramur3</span> <span class='ocrx_word' id='word_1_242' title='bbox 276 3713 375 3771; x_wconf 91' lang='lat' dir='ltr'>neque</span> <span class='ocrx_word' id='word_1_243' title='bbox 403 3713 545 3774; x_wconf 90' lang='lat' dir='ltr'>umquam</span> <span class='ocrx_word' id='word_1_244' title='bbox 572 3696 635 3755; x_wconf 89' lang='lat' dir='ltr'>sine</span> <span class='ocrx_word' id='word_1_245' title='bbox 664 3697 761 3771; x_wconf 78' lang='lat' dir='ltr'>aliqua</span> <span class='ocrx_word' id='word_1_246' title='bbox 788 3697 916 3755; x_wconf 75' lang='lat' dir='ltr'>lectidne</span> <span class='ocrx_word' id='word_1_247' title='bbox 945 3697 1026 3772; x_wconf 88' lang='lat' dir='ltr'>apud</span> <span class='ocrx_word' id='word_1_248' title='bbox 1054 3715 1123 3755; x_wconf 92' lang='lat' dir='ltr'>eum</span> 
     </span>
    </p>
   </div>
   <div class='ocr_carea' id='block_1_3' title="bbox 0 0 1304 4146">
    <p class='ocr_par' dir='ltr' id='par_1_6' title="bbox 0 0 1304 4146">
     <span class='ocr_line' id='line_1_34' title="bbox 0 0 1304 4146; baseline 0 0"><span class='ocrx_word' id='word_1_249' title='bbox 0 0 1304 4146; x_wconf 95' lang='lat' dir='ltr'> </span> 
     </span>
    </p>
   </div>
  </div>
 </body>
</html>
