2574 4146
114 251 156 314 70
404 250 573 300 corruatur
595 251 743 301 uarorls
765 252 872 300 unna
1118 251 1175 319 [ιν.

163 431 247 495 peret
275 422 441 495 peconiam,
470 421 639 482 addicebat
670 442 738 481 eum
770 429 821 498 qui
851 425 1013 498 quaerobat
1044 425 1083 483 ad
1117 430 1170 484 eos

162 533 212 600 qui
246 527 447 599 conserEbant,
476 535 562 602 eique
597 539 629 586 ut
663 529 720 603 ipsi
749 535 938 588 numerarent
970 530 1108 602 faciobat,
1135 539 1169 588 ut

162 631 210 689 ille
237 631 276 689 ad
304 649 393 706 quem
422 651 459 690 ea
485 638 532 691 ros
556 635 747 709 perveniobat
772 640 859 692 sciret
888 645 1032 709 quantum
1061 642 1166 711 cuique

162 737 295 796 deberet.
1145 729 1147 733 ’

126 867 136 913 5
203 845 252 901 IV.
283 845 443 917 Temptata
457 855 557 901 autem
579 846 641 902 oius
663 856 707 902 est
728 847 905 904 abstinentia
925 853 943 904 o
964 848 1165 906 Diomedonte

162 949 330 1024 cyziceno:
370 967 498 1024 namque
534 949 558 1006 is
592 954 694 1024 rogato
728 949 896 1007 Artaxerxis
930 951 1007 1025 rogis
1046 952 1163 1026 Epami-

161 1055 291 1113 nondam
318 1055 444 1130 peconio
468 1054 720 1129 corrumpendum
744 1059 923 1130 suscoperat.
967 1057 1029 1113 Hic
1058 1061 1164 1131 magno

162 1179 230 1217 cum
265 1159 398 1234 pondere
433 1166 495 1217 auri
528 1160 646 1218 Thobos
680 1161 761 1218 vonit
799 1170 829 1218 et
864 1161 1030 1236 Micythum
1066 1162 1164 1220 adulo·

161 1267 335 1337 scentulum,
362 1285 451 1340 quem
479 1276 542 1323 tum
573 1265 796 1340 Epaminondas
826 1266 985 1341 plorimum
1016 1268 1164 1342 diligobat,

113 1402 139 1432 ιο
161 1379 290 1447 quinque
312 1373 428 1429 talentis
449 1372 488 1430 ad
512 1391 595 1429 suam
620 1371 758 1447 perdoxit
782 1372 973 1430 voluntatem.
1016 1373 1164 1449 Micythus

163 1477 401 1552 Epaminondam
423 1478 562 1535 convonit
587 1488 616 1534 et
641 1496 760 1536 causam
785 1479 929 1537 adventius
955 1478 1165 1536 Diomedontis

162 1583 301 1642 ostendit.

202 1692 241 1747 At
265 1689 312 1746 ille
339 1687 533 1746 Diomedonti
561 1695 661 1746 coram
688 1689 826 1761 “Nihil‚'’
853 1689 957 1764 inquit,
983 1694 1087 1765 “opus
1115 1707 1164 1764 pe-

163 1797 250 1854 conio
274 1806 318 1853 est
329 1815 337 1866 ;
369 1813 438 1851 nam
463 1801 487 1852 si
508 1800 560 1852 rox
580 1813 617 1852 ea
636 1794 697 1852 vult
718 1812 794 1869 quae
815 1796 964 1853 Thobanis
985 1806 1053 1853 sunt
1075 1796 1164 1866 otilia,

114 1925 138 1972 15
162 1902 259 1977 gratiis
280 1903 376 1959 facere
398 1920 461 1958 sum
485 1907 611 1976 parotus,
633 1907 796 1958 sinautem
818 1901 974 1972 contraria,
993 1906 1056 1958 non
1077 1901 1165 1958 habet

163 2014 225 2064 auri
248 2018 336 2081 atque
361 2013 472 2081 argenti
498 2007 575 2064 satis.
619 2007 756 2080 Namque
781 2006 860 2064 orbis
885 2012 1026 2063 terrorum
1052 2006 1165 2064 divitiis

163 2114 297 2187 accipere
319 2112 389 2169 nolo
411 2117 465 2186 pro
486 2113 598 2186 patriae
619 2112 748 2170 coritate.
789 2113 836 2168 To
857 2110 938 2186 quod
961 2115 1009 2169 mo
1034 2111 1164 2187 incogni-

161 2234 222 2279 tum
239 2227 389 2295 temptasti
404 2226 503 2292 tuique
521 2218 645 2276 similem
662 2217 842 2287 existimasti,
856 2222 917 2273 non
940 2223 1028 2274 miror
1053 2218 1165 2292 tibique

162 2328 284 2395 ignosco
296 2343 303 2393 3
332 2322 386 2379 sed
411 2319 552 2396 egredere
577 2325 713 2396 propero,
738 2326 777 2379 no
797 2322 870 2379 alios
893 2328 1075 2398 corrumpas,
1097 2342 1166 2381 cum

113 2453 141 2484 20
164 2432 212 2484 mo
236 2432 297 2484 nou
321 2427 461 2501 potueris.
505 2427 544 2484 Et
567 2432 607 2498 tir,
630 2427 772 2502 Micythe,
793 2438 945 2502 argeutum
969 2427 1037 2485 huic
1063 2429 1165 2500 redde,

163 2543 222 2602 aut,
246 2533 301 2590 nisi
330 2531 361 2588 id
389 2533 545 2590 confestim
574 2533 654 2603 sacis,
677 2551 734 2607 ego
758 2537 787 2590 to
814 2532 928 2590 trodam
957 2535 1165 2610 magistratui‘’

164 2641 255 2696 Hunc
277 2639 447 2696 Diomedon
469 2656 537 2695 cum
559 2644 684 2713 rogaret,
706 2649 738 2696 ut
763 2644 826 2697 toto
851 2645 929 2697 exire
954 2657 1075 2714 suaque,
1090 2658 1166 2715 quae

163 2746 308 2815 attulerat,
323 2745 424 2802 licoret
449 2744 560 2816 efferre,
583 2742 696 2801 “Istud
721 2744 872 2817 quidem‚’'
895 2744 1000 2819 inquit,
1022 2749 1040 2777 “
1050 2745 1165 2817 faciam,

163 2869 260 2924 neque
281 2856 332 2907 tua
352 2854 449 2920 causo,
464 2849 518 2909 sed
541 2855 615 2921 meo,
630 2854 677 2921 no,
693 2855 717 2906 si
738 2849 790 2908 tibi
811 2851 848 2907 sit
869 2851 996 2925 pecouia
1016 2851 1164 2926 adompta,

113 2985 138 3030 25
162 2957 266 3030 aliquis
288 2956 368 3013 dicat
389 2956 419 3012 id
441 2955 481 3013 ad
502 2960 550 3013 mo
571 2960 706 3029 Ereptum
731 2955 909 3028 pervonisse,
930 2954 1012 3030 quod
1034 2955 1165 3015 delatum

163 3064 300 3136 accipere
321 3061 510 3118 noluissem.'’

203 3154 229 3225 Ᾰ
258 3173 317 3242 quo
346 3185 413 3223 cum
442 3172 612 3240 quaesisset,
640 3170 701 3239 quo
729 3170 761 3223 so
789 3166 900 3224 dodoci
930 3167 1027 3238 vellet,
1056 3178 1087 3225 et
1118 3168 1166 3225 ille

163 3273 293 3330 Athonis
327 3273 457 3342 dixisset,
488 3271 668 3346 praesidium
703 3270 797 3343 dedit,
824 3282 857 3329 ut
891 3277 955 3330 toto
989 3279 1165 3348 perveniret.

165 3379 271 3452 Neque
299 3382 370 3435 voro
398 3376 428 3434 id
457 3378 526 3434 satis
554 3376 665 3446 habuit,
691 3376 744 3434 sed
773 3379 872 3449 etiam,
894 3388 927 3434 ut
953 3377 1109 3437 inviolatus
1136 3379 1166 3436 in

113 3515 141 3559 30
163 3490 269 3541 navem
297 3481 480 3553 oscenderet,
509 3500 562 3556 per
594 3483 753 3544 Chabriam
782 3483 1003 3555 Athouionsem,
1032 3484 1071 3542 do
1106 3489 1166 3559 quo

163 3595 251 3664 supro
275 3588 457 3646 mentionem
483 3588 620 3660 socimus,
646 3588 757 3647 effocit.
799 3589 1003 3647 Abstinentiae
1028 3590 1084 3647 erit
1108 3590 1167 3648 hoc

164 3697 232 3755 satis
267 3694 477 3752 testimonium.
534 3695 661 3751 Plorima
693 3694 814 3769 quidem
842 3696 972 3770 proferre
1000 3713 1166 3771 possumus,
