2574 4146
113 295 155 346 20
402 294 572 345 CORNELII
595 295 742 345 NEPOTIS
765 296 873 344 VITAE
1110 297 1163 359 [111.

161 472 235 541 quas
261 468 392 542 Byzantii
417 473 546 543 caperat,
572 478 730 544 postquam
755 473 936 543 propinquas
965 473 1030 526 tuas
1056 474 1164 543 cagna

160 572 210 644 vit,
237 573 292 632 tibi
320 579 435 632 maneri
462 575 540 633 misit
574 579 666 649 saque
698 579 797 632 tacum
832 574 990 632 adfinitate
1025 575 1165 649 coniungi

161 678 262 752 cupit3
284 685 342 751 qua
357 683 397 750 ra,
413 686 436 736 si
458 681 511 736 tibi
532 679 655 750 vidatur,
679 679 732 737 das
754 685 782 737 ei
804 680 899 736 filiam
923 689 1003 737 tuam
1027 685 1163 754 miptum.

162 783 200 842 Id
222 791 247 842 si
268 784 388 857 facetis,
411 794 441 842 et
461 785 596 860 Spartam
618 796 649 843 et
673 790 804 843 cateram
827 786 984 844 Graeciam
1005 786 1061 845 sub
1082 796 1164 844 tuam

125 912 136 959 ς
160 897 339 965 potestatem
367 894 400 948 sa
427 890 583 949 adiuvante
611 895 641 948 ta
671 891 860 948 redactsrrum
889 891 1053 966 pollicatur.
1108 893 1165 949 His

161 995 201 1054 da
223 997 310 1055 rabus
331 1003 355 1054 si
375 997 448 1070 quid
470 1015 556 1071 agere
577 997 712 1068 volueris,
727 1007 840 1054 certum
862 997 1014 1054 hominem
1036 996 1075 1055 ad
1096 1015 1164 1054 eum

162 1101 260 1159 mittas
281 1102 356 1174 face,
378 1121 446 1160 cum
468 1108 528 1177 qua
550 1103 773 1177 conloquatur.''

202 1208 268 1265 Rax
289 1217 334 1265 tot
354 1208 507 1266 hominum
529 1208 621 1265 saltate
643 1218 703 1264 tam
725 1208 780 1266 sibi
802 1209 1033 1266 necessariamm
1056 1213 1164 1283 magna

162 1332 252 1389 opere
274 1320 387 1389 gavisus
411 1314 566 1371 confestim
591 1332 658 1370 cum
682 1314 807 1388 epistula
827 1315 1004 1372 Artabazum
1028 1314 1067 1371 ad
1091 1316 1163 1371 Pau-

113 1449 139 1480 ιο
161 1421 273 1478 saniam
298 1421 397 1492 mittit,
420 1421 450 1478 in
473 1425 621 1494 quaeum
646 1419 806 1478 conlaudat
827 1438 862 1476 ac
885 1420 969 1494 petit,
991 1425 1029 1478 na
1050 1426 1099 1476 cui
1123 1426 1165 1477 rei

161 1538 264 1601 parcat
285 1526 324 1583 ad
346 1545 380 1584 ea
402 1525 568 1597 efficienda,
597 1543 673 1599 quae
699 1525 904 1600 pollicaratur:
940 1532 964 1582 si
992 1526 1163 1600 perfacerit,

59 1659 61 1663 ⁷
161 1633 267 1689 mallius
292 1638 334 1688 rei
358 1637 376 1689 a
399 1636 431 1689 sa
457 1631 604 1706 repulsam
632 1630 767 1688 latarum.
811 1632 908 1689 Haius
933 1631 1089 1688 Pausanias
1114 1650 1163 1689 vo-

162 1739 273 1795 luntate
292 1737 413 1811 cagnita
433 1738 557 1794 alacrior
577 1737 617 1794 ad
639 1754 700 1793 rem
722 1736 884 1811 gerendam
902 1737 996 1794 sactus
1019 1736 1049 1793 in
1072 1743 1163 1811 suspi-

162 1845 279 1902 cianem
317 1844 426 1901 cecidit
462 1843 777 1901 Lacedaemoniamm.
834 1843 903 1916 Qua
931 1843 1010 1900 facta
1041 1842 1163 1900 domum

113 1973 138 2020 ις
162 1955 325 2021 revocatus,
361 1953 514 2007 accasatus
549 1949 654 2023 capitis
689 1949 857 2020 absolvitur,
894 1949 1031 2006 multatur
1065 1959 1164 2006 tamen

163 2056 308 2129 pecania3
332 2073 421 2129 quam
444 2056 483 2112 ob
505 2073 623 2112 causam
645 2053 683 2111 ad
705 2054 829 2112 classem
850 2061 988 2112 remissus
1009 2059 1070 2111 nan
1092 2066 1144 2112 est.

204 2163 262 2219 III.
291 2164 330 2218 At
357 2161 405 2218 ille
434 2171 501 2236 post
528 2166 589 2218 nan
614 2160 707 2217 multa
732 2166 784 2218 sua
808 2171 913 2234 sponte
939 2160 977 2217 ad
1002 2162 1164 2218 exercitum

162 2267 250 2325 rediit
278 2277 308 2324 et
336 2267 377 2323 ibi
405 2272 465 2324 nan
494 2267 608 2338 stolida,
638 2265 691 2323 sed
722 2265 854 2323 damenti
889 2267 1003 2323 ratiane
1038 2268 1165 2342 cagitata

76 2377 81 2390 '
162 2373 328 2447 patefacit3
363 2378 425 2429 nan
460 2374 539 2430 enim
574 2377 671 2429 maras
706 2372 816 2446 patrias
851 2373 956 2443 salum,
988 2372 1041 2429 sed
1077 2373 1164 2430 etiam

112 2507 140 2537 20
163 2480 273 2536 cultum
308 2485 505 2552 vestitumque
539 2479 670 2535 matavit.
726 2480 878 2552 Apparatri
909 2480 990 2553 ragia
1020 2480 1164 2550 artabatur,

162 2595 244 2643 veste
272 2585 393 2642 Madica
403 2605 413 2656 3
440 2584 579 2641 satellites
608 2584 692 2642 Medi
722 2594 753 2641 et
780 2585 917 2659 Aegyptii
948 2586 1165 2658 sequabantur3

163 2692 335 2766 epulabatur
359 2695 442 2748 mare
468 2692 619 2747 Persarum
648 2689 821 2748 luxuriasius
849 2708 937 2764 quam
966 2698 1016 2764 qui
1044 2692 1166 2750 aderant

163 2804 279 2872 perpeti
306 2807 447 2871 possent3
482 2796 595 2854 aditum
624 2796 794 2870 petentibus
822 2801 882 2853 nan
913 2795 1013 2868 dabat,
1040 2798 1166 2872 superba

164 2903 372 2977 respondabat,
400 2902 559 2960 cradaliter
586 2902 759 2975 imperabat.
800 2902 932 2977 Spartam
961 2903 1058 2961 redita
1086 2904 1165 2960 nala-

26 3018 30 3027 “
113 3037 138 3082 ²5
163 3010 213 3067 bat
224 3030 232 3080 3
269 3009 406 3078 Colanas,
431 3014 481 3081 qui
508 3007 590 3065 locus
618 3007 649 3064 in
677 3013 747 3082 agra
775 3007 894 3065 Traade
924 3019 977 3079 est,
1002 3013 1034 3067 sa
1062 3021 1164 3066 contu-

165 3219 201 3277 Id
229 3229 385 3293 postquam
412 3217 640 3276 Lacedaemonii
664 3219 833 3291 resciamnt
855 3220 967 3294 lagatas
992 3239 1061 3276 cum
1086 3222 1167 3278 clava

164 3325 203 3383 ad
231 3343 299 3382 eum
327 3329 477 3396 misarum,
506 3324 536 3381 in
564 3330 622 3399 qua
650 3330 732 3383 mare
760 3325 876 3383 illarum
907 3336 971 3383 erat
1006 3333 1164 3401 scriptum:

163 3430 219 3488 nisi
257 3429 379 3488 domum
421 3435 623 3502 reverteratur‚
659 3436 690 3488 sa
725 3431 829 3505 capitis
864 3449 931 3488 eum
968 3431 1165 3490 damnatfiras.

115 3568 142 3612 30
165 3539 236 3595 Hac
263 3537 367 3594 mantia
396 3542 573 3607 commanus,
595 3541 715 3611 sparans
739 3542 770 3593 sa
792 3539 880 3593 etiam
902 3549 964 3594 tum
987 3541 1115 3611 pecania
1136 3550 1165 3597 et

165 3644 299 3719 potentia
317 3648 427 3700 instans
449 3643 611 3718 periculum
634 3661 720 3717 posse
744 3627 902 3717 dapellere,
925 3645 1047 3702 domum
1071 3646 1167 3704 rediit.

166 3752 236 3809 Hac
257 3760 290 3808 ut
310 3749 399 3819 vanit,
422 3749 460 3807 ab
482 3750 598 3823 ephoris
619 3750 649 3806 in
670 3749 765 3805 vincla
786 3750 905 3822 publica
927 3762 971 3808 est
994 3752 1147 3810 coniectus
1158 3773 1166 3824 ;
