2574 4146
160 259 272 328 v1.,v11.]
582 256 776 311 MILTIADES
822 264 824 269 ⁴
1189 261 1210 332 7

160 446 187 494 ut
213 439 319 494 Persae
347 440 410 492 nen
438 443 542 505 castra,
570 432 624 491 sed
652 438 742 491 neves
770 433 916 509 petierint.
963 434 1031 508 Quai
1058 439 1158 509 pugne

160 542 225 599 nihil
252 540 351 608 adhuc
381 539 491 598 exstitit
518 539 645 597 nobilius
656 560 664 611 ;
700 539 778 597 milla
813 540 892 597 enirn
923 557 1064 613 umquam
1096 549 1157 597 tam

160 648 258 722 exigua
279 665 384 704 manus
405 651 501 704 tantais
522 649 595 720 opes
617 645 782 720 prestrevit.

193 754 245 810 VI.
275 752 366 811 Ceius
393 751 533 809 victeriae
561 756 622 808 nen
650 750 778 808 alienum
805 750 922 808 videtur
952 751 1038 826 quele
1073 769 1157 826 prae·

144 859 244 916 ‘mium
275 857 404 916 Miltiadi
428 857 466 915 sit
489 848 630 915 tribritum
657 856 776 928 docere,
801 861 861 931 que
889 856 1002 914 facilius
1029 857 1160 930 intellegi
1183 881 1194 928 5

160 965 247 1038 possit
268 963 396 1022 eandem
418 963 551 1020 omnium
572 962 722 1020 civitetum
745 980 808 1020 esse
829 967 974 1020 niteram.
1015 963 1059 1022 Ut
1080 963 1159 1020 enim

160 1070 256 1144 populi
276 1071 413 1127 *Remini
438 1069 565 1126 honeres
589 1067 742 1141 quondam
771 1067 887 1126 luerunt
915 1074 970 1125 reri
998 1077 1028 1126 et
1056 1073 1159 1126 tenues

160 1176 195 1233 ob
229 1192 357 1249 eamque
393 1192 511 1231 causam
546 1173 673 1248 gleriesi,
702 1191 780 1230 nunc
813 1183 912 1230 autem
949 1174 1036 1230 effflsi
1070 1183 1159 1247 atque

161 1281 289 1351 obsoleti,
326 1286 367 1338 sic
402 1280 473 1337 elim
508 1277 589 1353 apud
624 1278 819 1336 Athenienses
861 1279 949 1336 fuisse
989 1285 1158 1353 reperimus.

161 1387 295 1460 Namque
320 1385 389 1443 huic
415 1384 552 1455 Miltiadi,
583 1390 633 1459 qui
660 1384 790 1441 Athenis
819 1389 972 1458 tritamque
1001 1385 1159 1442 Graeciam
1185 1401 1211 1431 10

160 1492 301 1564 liberarat,
323 1491 389 1549 telis
410 1492 505 1549 hones
526 1491 651 1548 tributus
673 1501 727 1562 est,
750 1491 780 1547 in
801 1491 916 1564 porticir
941 1508 1016 1564 quae
1043 1490 1160 1547 Poecile

160 1604 278 1656 vocetur
297 1615 367 1654 cum
388 1602 488 1672 prigna
509 1596 719 1672 depingeretur
738 1596 934 1666 Marathenia,
949 1606 981 1653 ut
1002 1597 1033 1653 in
1054 1595 1160 1653 decern

160 1709 325 1778 praeterum
361 1707 485 1760 numere
523 1708 617 1776 prima
652 1702 715 1759 eius
750 1702 848 1776 imege
883 1706 1043 1776 poneretur
1077 1702 1160 1775 isque

159 1809 321 1867 horteretur
356 1809 462 1866 milites
490 1808 695 1883 proeliumque
724 1808 933 1865 committeret.
990 1794 1077 1864 Idem
1112 1807 1160 1864 ille

157 1915 287 1987 populus
304 1919 409 1987 postee
428 1931 517 1987 quam
535 1914 628 1969 meins
646 1912 802 1985 imperium
824 1923 869 1970 est
893 1923 997 1970 nactus
1023 1921 1053 1969 et
1077 1913 1160 1986 largi·
1186 1938 1210 1985 15

160 2019 235 2075 tione
261 2018 483 2091 magistretuum
507 2026 661 2093 corruptus
683 2028 736 2089 est,
752 2024 899 2076 trecentes
921 2024 1029 2076 statues
1051 2019 1160 2076 Deme-

159 2125 210 2181 trie
233 2124 378 2181 Phalerei)
399 2123 540 2180 decrevit.

195 2230 266 2287 VII.
304 2230 375 2287 Post
403 2229 460 2286 hec
495 2229 641 2303 proelium
676 2229 800 2286 classem
831 2229 1017 2304 septueginte
1043 2229 1161 2287 nivium

159 2335 353 2403 Athenienses
389 2335 487 2392 eidem
523 2333 652 2392 Miltiadi
685 2333 841 2406 dederunt,
876 2344 909 2392 ut
943 2336 1050 2393 insules
1085 2354 1161 2410 quae

159 2440 297 2500 barbares
319 2439 491 2498 adiiiverant
512 2440 590 2498 belle
615 2445 849 2515 persequeretur.
893 2441 962 2514 Que
985 2441 1015 2498 in
1035 2442 1162 2517 imperii)
1185 2468 1211 2499 κο

94 2551 97 2557 “
158 2547 313 2620 pleresque
333 2545 373 2604 ad
395 2545 525 2604 officium
547 2546 642 2603 redire
665 2547 771 2620 coegit,
788 2546 942 2604 nenmillas
962 2553 991 2604 vi
1012 2553 1160 2622 expigne-

157 2653 204 2710 vit.
248 2654 295 2709 Ex
324 2651 369 2710 his
394 2653 500 2709 Parum
527 2652 651 2709 insulam
676 2651 782 2726 opibus
806 2653 914 2709 eletam
939 2671 1006 2709 curn
1030 2653 1161 2710 eratiene

110 2789 114 2813 i
158 2757 348 2815 reconciliere
376 2762 437 2815 nen
465 2766 575 2832 posset,
601 2757 704 2831 cepies
733 2762 749 2813 e
777 2757 899 2815 nevibus
924 2758 1034 2829 eduxit,
1057 2759 1160 2816 urbem

157 2863 296 2938 operibus
320 2863 424 2920 clausit
448 2869 588 2936 omnique
613 2867 783 2920 commeetii
808 2863 931 2937 privevit
941 2884 950 2935 ;
980 2863 1049 2920 dein
1070 2870 1162 2922 vineis

157 2988 191 3026 ac
219 2968 417 3028 testudinibus
442 2969 607 3026 censtitritis
635 2969 756 3043 propius
782 2973 879 3026 mures
905 2970 1039 3026 accessit.
1083 2971 1160 3027 Cum
1184 2997 1210 3044 ²5

157 3076 212 3132 iarn
238 3075 270 3132 in
292 3079 329 3132 ee
354 3083 432 3132 esset
452 3084 485 3132 ut
507 3073 622 3149 oppide
645 3079 796 3148 potiretur,
816 3074 920 3149 procul
943 3074 974 3131 in
996 3075 1162 3132 continenti

109 3183 112 3192 ‘
157 3180 248 3253 licus,
284 3186 335 3254 qui
369 3197 406 3237 ex
439 3180 534 3237 insule
571 3179 817 3253 censpieiebetur,
853 3179 954 3237 nescie
993 3186 1054 3254 que
1092 3187 1161 3238 cesti

86 3285 93 3295 “
157 3291 304 3344 nocturne
331 3294 467 3359 tempore
503 3284 639 3341 incensus
668 3295 721 3341 est.
778 3285 868 3343 Ceius
903 3285 1023 3342 flamma
1056 3296 1089 3343 ut
1124 3287 1161 3344 ab

157 3391 315 3467 oppidenis
344 3401 375 3448 et
402 3390 655 3465 oppigneteribus
684 3399 728 3447 est
756 3396 826 3461 visa,
854 3397 986 3465 utrisque
1018 3392 1098 3449 venit
1131 3393 1162 3449 in

157 3497 329 3572 opinienem
352 3503 466 3571 signum
489 3502 507 3554 e
527 3495 679 3552 classieriis
702 3496 787 3570 regiis
808 3495 920 3554 datum.
963 3497 1031 3570 Que
1051 3497 1162 3554 factum
1184 3528 1212 3572 30

157 3613 200 3661 est
227 3612 261 3660 ut
289 3612 320 3660 et
347 3602 424 3659 Parii
450 3607 468 3659 e
495 3601 649 3659 deditieue
684 3601 900 3659 deterrerentur
935 3613 964 3658 et
1000 3602 1161 3673 Miltiades,

157 3709 264 3766 timens
285 3713 323 3766 ne
345 3707 445 3765 classis
466 3707 545 3782 regia
570 3707 752 3778 adventeret,
774 3707 899 3765 incensis
924 3707 1063 3782 operibus
1084 3726 1160 3782 quae
