2574 4146
404 786 469 844 xx.
497 772 729 846 riuonuou.

99 972 124 1029 1.
155 972 315 1029 Timoleon
343 971 522 1030 Corinthius.
567 972 635 1030 Sine
664 971 756 1031 dubio
785 979 906 1049 magnus
936 975 1069 1032 omnium

57 1077 173 1135 iudicio
195 1077 245 1135 hic
270 1077 314 1134 vir
338 1078 459 1136 exstitit.
502 1079 641 1152 Namque
666 1079 734 1136 huic
758 1084 809 1136 uni
833 1080 965 1154 contigit,
988 1079 1070 1155 quod

57 1184 163 1240 nescio
188 1201 227 1239 an
248 1182 328 1253 nulli,
350 1193 382 1240 ut
405 1193 435 1240 et
456 1184 591 1257 patriam,
613 1184 643 1240 in
668 1190 809 1258 quaerat
831 1190 926 1255 natuS,
947 1202 1069 1260 oppres·

58 1306 123 1346 sam
148 1294 168 1345 Ξ
192 1293 317 1363 tyranno
342 1288 488 1360 liberaret,
514 1299 543 1346 et
567 1294 586 1346 a
609 1290 803 1363 Syracusanis,
826 1291 933 1365 quibus
962 1292 1070 1348 auxilio

60 1404 123 1451 erat
146 1400 260 1465 missus,
285 1394 343 1450 iam
365 1394 557 1452 inveteratam
583 1395 752 1452 servitutem
779 1394 941 1469 depelleret
963 1402 1069 1454 totam·
1093 1415 1104 1463 5

60 1518 120 1575 que
149 1500 288 1571 Siciliam,
310 1500 420 1557 multos
448 1505 542 1557 annos
567 1500 645 1559 bello
673 1505 808 1559 vexatam
837 1507 854 1558 a
883 1501 1071 1576 barbarisque

61 1624 246 1681 oppressam,
271 1611 324 1664 suo
349 1604 480 1663 adventu
505 1606 535 1663 in
560 1607 714 1680 pristinum
742 1608 915 1665 restitueret.
959 1607 1018 1666 Sed
1041 1608 1070 1665 in

61 1712 106 1770 his
128 1713 217 1770 rebus
238 1717 298 1770 non
319 1712 446 1787 simplici
468 1712 589 1769 fortuna
611 1712 795 1770 conflictatus
818 1723 862 1771 est
884 1724 923 1784 et,
938 1713 969 1771 id
990 1712 1072 1788 quod

62 1817 212 1875 difficilius
240 1824 367 1893 putatur,
390 1819 482 1876 multo
512 1820 671 1894 sapientius
701 1820 765 1876 tulit
792 1820 953 1877 secundam
982 1837 1072 1893 quam

63 1923 219 1982 adversam
249 1923 409 1982 fortunam.
455 1927 534 1982 Nam
563 1944 630 1982 cum
661 1925 750 1983 frater
774 1925 837 1982 eius
862 1925 1072 2000 Timophanes,
1097 1949 1123 1979 ιο

63 2028 123 2086 dux
144 2036 162 2087 a
183 2029 344 2088 Corinthiis
366 2029 508 2101 delectus,
528 2031 714 2105 tyrannidem
738 2049 791 2104 per
812 2031 918 2088 militEs
941 2049 1072 2088 mercen-

62 2136 159 2193 narios
196 2141 372 2210 occupasset
404 2137 611 2211 particepsque
648 2140 730 2211 mgni
764 2136 828 2210 ipse
864 2147 964 2211 posset
999 2153 1073 2206 esse,

62 2252 179 2299 tantum
213 2243 285 2299 aluit
315 2247 333 2298 a
361 2242 503 2300 societate
541 2241 666 2312 sceleris,
696 2251 729 2300 ut
765 2243 932 2299 antetulerit
967 2242 1073 2299 civium

62 2353 184 2405 suorum
212 2348 378 2405 libertatem
408 2348 501 2405 fratris
530 2348 616 2406 saluti
645 2358 675 2405 et
704 2352 807 2422 parere
840 2347 952 2422 legibus
984 2365 1074 2421 quam

62 2454 211 2528 imperare
240 2453 352 2526 patriae
382 2453 471 2511 satius
500 2454 625 2512 duxerit.
680 2455 748 2510 Hac
780 2463 879 2510 mente
908 2471 962 2526 per
990 2453 1074 2510 haru-
1099 2478 1123 2526 ¹5

63 2560 179 2634 spicem
219 2563 470 2633 communemque
507 2558 653 2629 adfinem,
690 2565 738 2615 cui
773 2577 855 2616 soror
889 2577 926 2615 ex
961 2557 1074 2616 eisdem

63 2665 237 2740 parentibus
262 2669 332 2721 nata
357 2669 449 2739 nupta
475 2675 545 2735 erat,
569 2664 688 2721 fratrem
715 2674 871 2738 tyrannum
898 2664 1075 2722 interficien-

62 2771 134 2828 dum
157 2769 281 2828 curavit.
325 2771 394 2844 Ipse
419 2774 480 2827 non
506 2769 597 2827 modo
624 2774 726 2827 manus
752 2775 812 2826 non
837 2770 941 2840 attulit,
964 2769 1017 2827 sed
1038 2774 1076 2827 ne

62 2878 200 2952 aspicere
224 2874 347 2950 quidem
375 2876 533 2933 iratemum
559 2875 730 2949 sanguinem
756 2875 858 2932 voluit.
902 2875 980 2931 Nam
1005 2875 1077 2933 dum

63 2988 109 3042 res
134 2983 343 3053 conficeretur,
367 2982 471 3056 procul
496 2982 527 3038 in
552 2980 698 3055 praesidio
723 2980 784 3051 fuit,
807 2985 845 3038 ne
870 2981 935 3055 quis
961 2981 1078 3039 satelles
1100 3009 1129 3039 ιο

63 3098 166 3164 posset
188 3105 371 3146 succurrere.

105 3197 179 3253 Hoc
206 3193 472 3268 praeclarissimum
498 3193 560 3250 eius
585 3194 696 3250 factum
721 3198 782 3250 non
808 3198 870 3267 pari
897 3191 988 3249 modo
1010 3211 1078 3268 pro-

63 3302 169 3359 batum
201 3309 247 3358 est
278 3300 317 3358 ab
351 3299 506 3370 omnibus3
543 3300 674 3357 nonnulli
709 3299 786 3355 enim
823 3299 934 3355 laesam
969 3299 1007 3357 ab
1042 3305 1080 3357 ef)

64 3407 210 3482 pietatem
238 3405 382 3479 putabant
407 3415 438 3463 et
466 3404 575 3461 invidia
602 3404 720 3461 laudem
749 3405 861 3461 virtutis
893 3405 1078 3463 obterEbant.

66 3513 166 3570 Mater
190 3516 262 3568 verb
288 3520 356 3585 post
384 3509 415 3568 id
444 3510 554 3567 factum
583 3528 679 3584 neque
708 3509 830 3566 domum
858 3509 897 3568 ad
923 3515 955 3567 se
983 3510 1079 3566 filium
1103 3535 1129 3581 ις

65 3617 187 3675 admisit
212 3635 310 3690 neque
338 3616 462 3690 aspexit,
487 3622 557 3690 quin
586 3634 653 3672 eum
684 3615 862 3672 fratricidam
893 3615 1076 3688 impiumque

69 3722 224 3780 detestans
252 3720 455 3805 compellaret.
498 3721 612 3794 Quibus
637 3722 723 3779 rEbus
749 3720 796 3776 ille
823 3719 901 3778 adeo
926 3729 971 3777 est
996 3728 1081 3781 com„

583 3855 615 3906 99
