2574 4146
80 281 123 344 v.]
509 277 720 326 nucrarnnns
1098 288 1134 348 31

83 462 221 527 essetque
249 452 280 510 in
309 457 415 527 magna
442 456 494 527 spa
523 450 691 526 pravinciae
719 451 797 510 bene
828 450 1087 524 administrandae,

81 565 143 618 nan
177 563 280 633 par'e‘re
314 557 407 615 naluit
437 567 467 614 et
499 557 529 613 in
560 557 720 630 triremem,
749 575 824 631 quae
855 557 894 616 ad
926 576 994 616 eum
1027 569 1089 616 erat

81 649 305 740 deportandum
334 670 428 735 missa,
458 658 601 720 ascendit.
658 665 726 721 Hac
753 664 880 722 Tharrias
910 664 940 721 in
972 650 1088 722 italiam

80 775 249 847 pervactus,
278 770 370 827 multa
397 773 498 827 sacum
526 775 664 843 reputans
692 768 731 827 da
759 769 954 828 immoderata
980 771 1087 829 civium

81 883 203 935 suarum
232 875 351 933 licentia
378 875 611 949 crudelitateque
648 881 717 950 erga
751 876 873 947 nabilas
902 876 1087 935 atilissimum
1113 897 1124 944 5

80 993 162 1041 ratus
186 980 412 1056 impendentem
437 985 547 1038 avitare
573 987 790 1055 tempestatem,
813 982 890 1039 clam
911 987 943 1041 sa
964 982 1002 1041 ab
1023 1001 1087 1041 cus-

80 1089 204 1148 tadibus
233 1087 371 1146 subdirxit
400 1096 430 1144 et
457 1085 528 1144 inde
556 1093 684 1162 primum
713 1072 841 1158 Elidem,
869 1086 939 1145 dein
969 1089 1088 1147 Thabas

81 1195 172 1253 vanit.
217 1195 377 1268 Postquam
402 1200 502 1250 autern
526 1197 558 1250 sa
583 1193 688 1268 capitis
712 1192 886 1251 damnatum
908 1194 992 1252 bonis
1013 1195 1086 1268 pab-

80 1301 177 1359 licatis
201 1299 323 1371 audivit,
345 1309 384 1371 et,
406 1298 438 1357 id
465 1298 547 1373 quod
574 1317 735 1374 numquam
763 1305 851 1356 antea
877 1304 931 1357 usti
957 1289 1102 1370 vanerat,‘

82 1406 281 1482 Eumolpidas
308 1404 477 1464 sacerdatas
506 1410 525 1463 a
552 1406 663 1481 popula
690 1410 811 1463 coactas
839 1414 871 1462 ut
898 1409 930 1463 sa
961 1405 1087 1464 davova·
1112 1431 1139 1462 ιο

80 1523 158 1585 rent,
193 1512 317 1587 Eiusque
354 1510 522 1570 davatianis
560 1516 620 1586 qud
659 1511 790 1569 testatior
824 1520 902 1569 esset
936 1512 1087 1583 memoria,

80 1619 254 1693 exemplum
282 1617 313 1674 in
341 1617 400 1693 pila
422 1616 540 1692 lapidea
565 1617 690 1674 incisum
716 1635 779 1675 esse
805 1617 934 1691 positum
959 1618 989 1675 in
1013 1619 1087 1692 prib-

80 1726 150 1796 lica,
175 1722 435 1782 Lacedaemonem
464 1722 646 1798 demigravit.
690 1722 746 1794 Ibi,
771 1733 804 1779 ut
827 1723 891 1797 ipse
916 1723 1087 1797 praedicare

80 1836 249 1902 cansuarat,
264 1835 326 1888 nan
347 1828 486 1887 adversus
507 1829 640 1904 patriam,
659 1829 712 1887 sed
733 1829 868 1887 inimicas
890 1835 957 1887 suas
978 1831 1088 1888 bellum

79 1937 181 2013 gessit,
202 1942 255 2011 qui
282 1935 372 1994 iidem
401 1935 501 1993 hostas
528 1945 627 1992 essent
655 1934 784 2007 civitati;
813 1952 882 1992 nam
910 1954 978 1993 cum
1003 1936 1087 1993 intel·
1113 1955 1137 2002 ις

80 2043 216 2118 legerent
240 2046 273 2100 sa
298 2041 457 2115 plurimum
481 2039 624 2116 pradesse
649 2058 737 2116 posse
762 2046 805 2098 rei
828 2041 973 2114 pablicae,
996 2048 1090 2100 exea

80 2148 206 2208 aiacisse
234 2149 359 2224 plasque
387 2154 447 2205 irae
475 2165 545 2205 suae
570 2165 659 2222 quam
684 2147 802 2205 utilitati
826 2152 979 2206 commatri
1003 2154 1087 2222 paru-

80 2256 147 2314 isse.
192 2255 301 2328 Itaque
321 2254 406 2312 haius
428 2253 552 2312 cansilia
575 2253 805 2311 Lacedaemonii
824 2271 892 2310 cum
913 2255 1000 2310 Perse
1019 2258 1088 2327 rage

80 2360 244 2419 amicitiam
272 2361 420 2431 sacamnt,
449 2358 519 2416 dein
548 2359 711 2417 Decelaam
739 2360 769 2415 in
797 2360 895 2416 Attica
923 2359 1090 2417 maniarunt

80 2465 292 2542 praesidiaque
325 2465 366 2523 ibi
398 2469 544 2540 perpetua
575 2465 672 2540 posita
703 2465 733 2521 in
768 2464 924 2523 obsidiane
958 2464 1089 2523 Athenas
1111 2487 1139 2518 20

80 2577 251 2631 tenuarunt.
294 2556 437 2628 Eiusdem
458 2577 550 2644 opera
575 2571 691 2628 Idniam
716 2577 732 2627 a
757 2570 898 2628 societate
923 2573 1090 2628 avertamnt

10 2679 14 2686 '
80 2676 319 2737 Athaniansium.
365 2676 434 2750 Qua
468 2675 549 2734 facta
584 2676 676 2734 multa
712 2675 876 2750 superiaras
910 2676 990 2734 bella
1025 2695 1088 2734 esse

79 2788 259 2867 coeperunt.

119 2890 157 2947 V.
187 2889 297 2962 Neque
328 2891 404 2945 vara·
433 2887 478 2945 his
512 2888 599 2945 iabus
632 2896 693 2944 tam
725 2892 813 2944 amici
844 2885 992 2944 Alcibiadi
1022 2896 1089 2944 sunt

80 2995 152 3053 facti
173 3012 266 3070 quarn
287 2993 393 3051 timbre
414 2993 453 3050 ab
474 2998 511 3052 ea
533 2993 670 3065 alienati;
698 3010 768 3049 nam
788 3010 856 3050 curn
878 2992 1015 3050 acerrimi
1037 2993 1091 3050 viri
1113 3019 1138 3066 ²5

80 3109 285 3176 praestantem
313 3097 502 3173 prudentiam
529 3097 560 3156 in
588 3098 725 3156 omnibus
754 3097 840 3156 rebus
865 3103 1089 3172 cagnascerent,

81 3205 300 3281 pertimuarunt
320 3208 358 3262 na
380 3204 502 3261 cantate
523 3204 633 3278 patriae
655 3201 761 3260 ductus
782 3203 941 3277 aliquanda
963 3204 1001 3261 ab
1019 3203 1090 3278 ipsis

81 3311 265 3369 dascisceret
293 3319 322 3366 et
347 3328 415 3366 curn
440 3315 498 3367 suis
523 3309 553 3366 in
577 3309 700 3384 gratiam
725 3307 840 3365 rediret.
885 3310 989 3383 Itaque
1015 3319 1089 3366 tem-

81 3435 139 3492 pus
161 3416 224 3473 aius
245 3415 444 3473 interficiendi
464 3433 604 3490 quaerere
626 3415 822 3472 instituatunt.
865 3414 901 3471 Id
921 3414 1090 3473 Alcibiadis

81 3521 194 3581 diritius
228 3522 318 3579 calari
350 3525 411 3578 nan
441 3521 557 3595 potuit;
592 3530 654 3577 erat
685 3520 763 3577 enim
796 3525 832 3577 ea
861 3521 1029 3594 sagacitate,
1057 3530 1090 3577 ut
1113 3550 1141 3594 30

81 3627 187 3702 dacipi
206 3633 268 3686 nan
289 3637 400 3702 posset,
418 3627 590 3702 praesertim
613 3645 681 3683 cum
703 3626 833 3683 animum
856 3626 1030 3683 attendisset
1051 3626 1090 3683 ad

80 3733 263 3795 cavendum.
320 3734 425 3809 Itaque
457 3734 495 3791 ad
524 3732 764 3807 Tissaphernem,
797 3731 980 3806 praesectum
1014 3732 1090 3808 ragis
