2588 4140
68 254 72 262 ·
116 246 157 307 88
407 254 577 306 conruent
601 255 749 308 Narons
772 255 879 307 vrrna
1119 255 1169 322 [w.

165 438 346 503 contractae,
371 430 530 489 adventare
554 441 655 489 autem
683 431 852 490 dicerentur
881 431 1170 507 Hellespontumque

166 540 300 594 trensisse
322 537 476 611 Antipater
497 547 527 595 et
547 537 685 596 Crateros
702 542 810 612 migne
831 555 900 595 cum
918 537 1048 596 exercitii
1070 539 1170 596 Mace·

166 641 288 713 donum,
316 642 370 699 viri
386 660 466 701 ‚cum
498 643 629 700 claritete
661 652 724 700 tum
755 647 809 700 risu
840 642 909 701 belli
940 647 1171 716 praestantes—

166 747 351 806 Macedones
379 752 449 805 vere
478 748 583 806 milites
612 753 648 806 ee
674 757 737 806 tum
768 758 851 806 erant
882 748 974 821 seme,
1003 754 1062 822 quai
1093 767 1171 806 nunc

130 878 141 926 5
166 854 294 911 Remeni
322 853 471 926 seruntur3
508 854 618 912 etenim
647 872 764 928 semper
792 853 884 912 habiti
913 864 981 911 sunt
1011 853 1171 925 fortissimi,

167 965 217 1032 qui
244 966 351 1016 summi
378 959 494 1034 imperii
521 965 733 1033 potirentur—
746 961 895 1017 Eumenes
923 959 1124 1035 intellegebat,
1149 965 1173 1018 si

167 1065 271 1138 cepiae
307 1082 376 1122 suae
407 1069 585 1139 regnessent
616 1065 754 1122 adversus
788 1070 863 1139 ques
897 1063 1086 1138 ducerentur,
1111 1070 1172 1123 nen

167 1170 259 1227 modo
281 1176 341 1228 nen
362 1170 460 1242 ituras,
483 1171 536 1228 sed
557 1170 643 1228 simul
664 1188 732 1227 cum
754 1171 857 1228 nuntie
879 1169 1050 1244 dilapst'rres.

208 1277 321 1350 Itaque,
348 1276 406 1333 hec
440 1282 468 1332 ei
501 1282 594 1332 visum
630 1286 675 1334 est
710 1276 981 1350 prudentissimum,
1011 1286 1043 1334 ut
1080 1275 1172 1334 deviis

120 1399 145 1429 10
167 1381 319 1440 itineribus
344 1381 449 1438 milites
474 1380 605 1452 duceret,
627 1382 658 1438 in
683 1374 788 1456 quibus
810 1386 878 1439 vera
899 1380 1000 1439 audire
1021 1386 1083 1439 nen
1104 1399 1172 1456 pos·

167 1497 241 1558 sent,
277 1497 306 1544 et
339 1493 382 1544 eis
420 1486 610 1561 persuederet
644 1492 675 1545 se
710 1492 814 1544 contre
848 1487 994 1561 quesdam
1029 1487 1173 1545 barbares

167 1594 321 1666 proficisci.
364 1594 461 1666 Atque
482 1593 576 1650 tenuit
598 1593 655 1650 hec
672 1593 858 1667 prepositum
877 1603 907 1650 et
926 1593 1006 1667 prius
1025 1593 1057 1649 in
1076 1593 1173 1651 aciem

168 1698 328 1755 exercitum
353 1697 454 1756 eduxit
478 1698 681 1772 proeliumque
707 1698 863 1770 commisit,
885 1716 974 1773 quam
999 1699 1108 1756 milites
1129 1705 1172 1756 sui

167 1809 274 1861 scirent
306 1822 372 1860 cum
396 1803 501 1877 quibus
526 1822 607 1860 arma
631 1803 807 1861 cenferrent.
851 1803 962 1861 Effecit
987 1804 1077 1860 etiam
1100 1803 1172 1863 illud

119 1927 142 1973 15
166 1907 300 1965 locerum
335 1910 612 1983 praeoccupetiene‚
640 1919 673 1966 ut
708 1909 839 1983 equitetsr
874 1909 971 1982 potius
1006 1908 1171 1980 dimiceret,

166 2018 226 2087 que
248 2015 313 2088 plus
334 2015 459 2085 valebat,
481 2032 570 2087 quam
593 2013 737 2088 peditatt'r,
760 2019 820 2089 quo
841 2023 903 2071 erat
924 2013 1064 2072 deterior.

208 2121 259 2176 1V.
289 2119 422 2192 Querum
450 2120 594 2176 ecerrime
622 2124 766 2176 concurssr
794 2137 862 2176 cum
890 2125 1027 2194 megnam
1057 2129 1170 2194 partem

167 2224 226 2282 din
251 2234 327 2282 esset
352 2228 524 2299 magnetum,
546 2224 626 2283 cadit
651 2225 790 2283 Crateros
812 2223 872 2282 dux
893 2235 923 2283 et
944 2225 1170 2300 Neoptolemus,

166 2338 217 2405 qui
241 2331 404 2389 secundum
429 2331 527 2389 locum
554 2331 668 2405 imperii
694 2332 821 2389 tenebat.
864 2332 941 2390 Cum
964 2331 1022 2389 hec
1048 2350 1169 2390 concur·

116 2457 144 2488 20
167 2438 203 2494 rit
228 2438 291 2511 ipse
317 2438 476 2494 Eumenes.
519 2436 578 2510 Qui
599 2455 667 2493 cum
689 2437 766 2494 inter
787 2441 818 2494 se
839 2436 988 2511 complexi
1008 2437 1039 2493 in
1064 2449 1172 2495 terram

167 2561 203 2600 ex
235 2549 316 2616 equis
348 2541 538 2613 decidissent,
567 2552 599 2600 ut
631 2542 716 2599 facile
746 2542 875 2616 intellegi
903 2552 1024 2616 possent
1052 2543 1173 2601 inimice

167 2658 266 2704 mente
288 2647 477 2705 contendisse
498 2647 656 2722 animeque
683 2647 774 2721 magis
800 2647 887 2705 etiam
914 2652 1061 2722 pugnesse
1081 2666 1172 2722 quam

166 2772 301 2828 corpore,
329 2758 390 2810 nen
423 2753 501 2826 prius
533 2752 664 2810 distracti
695 2763 762 2810 sunt
793 2752 882 2826 quam
914 2752 1038 2810 alterum
1073 2755 1174 2810 anima

166 2859 353 2932 relinqueret.
396 2859 442 2916 Ab
470 2857 528 2915 hec
557 2858 668 2932 aliquot
696 2857 787 2932 plegis
816 2859 965 2915 Eumenes
993 2858 1172 2930 vulneretur,

115 2986 142 3032 25
166 2982 263 3038 neque
291 2969 328 3021 ee
361 2965 452 3037 magis
484 2982 521 3020 ex
552 2963 665 3037 proelie
696 2963 831 3033 excessit,
860 2962 913 3020 sed
945 2965 1040 3021 acrius
1072 2964 1175 3022 hostes

166 3070 279 3127 institit.
323 3071 383 3125 Hic
405 3069 551 3142 equitibus
572 3068 741 3143 prefligaitis,
762 3069 918 3126 interfecte
939 3068 1016 3127 duce
1039 3069 1174 3142 Cratere,

167 3175 263 3232 multis
302 3181 456 3248 praeterea
492 3184 522 3231 et
559 3174 686 3231 meirime
722 3174 869 3232 nebilibus
905 3180 1006 3248 captis,
1033 3173 1176 3248 pedester

166 3281 320 3351 exercitus,
356 3279 436 3353 quod
480 3280 509 3336 in
551 3297 587 3337 ea
623 3280 690 3338 loca
728 3290 790 3338 erat
827 3279 974 3338 deductus
1012 3289 1045 3338 ut
1080 3281 1175 3339 invite

167 3388 301 3443 Eumene
330 3385 406 3443 elabi
435 3391 494 3442 nen
522 3395 632 3459 posset,
661 3391 767 3459 pecern
796 3385 834 3443 ab
862 3390 899 3442 ee
926 3385 1021 3459 petiit.
1073 3386 1175 3460 Quam

116 3516 144 3560 30
167 3510 234 3548 cum
256 3492 451 3565 impetresset,
470 3491 499 3546 in
520 3490 580 3548 fide
602 3495 662 3548 nen
685 3490 789 3548 mensit
804 3500 833 3547 et
850 3495 890 3559 se,
906 3488 991 3545 simul
1013 3507 1048 3544 ac
1070 3490 1179 3563 potuit,

166 3596 204 3653 ad
229 3597 415 3670 Antipatrum
444 3597 565 3670 recepit.
609 3597 758 3653 Eumenes
786 3595 939 3653 Craterum
968 3613 1006 3652 ex
1033 3594 1100 3652 acie
1128 3599 1173 3653 se·

167 3702 305 3759 mivivum
336 3701 444 3758 eletum
477 3707 608 3758 recreere
639 3701 750 3759 studuit
761 3722 769 3773 3
805 3719 873 3758 cum
905 3699 935 3757 id
968 3705 1028 3758 nen
1061 3711 1174 3775 posset,
