2574 4146
473 661 548 735 Ex
596 647 764 737 riano

247 843 614 940 CORNELII
669 845 980 944 NEPOTIS

299 1056 365 1133 DE
404 1056 601 1134 LATiNis
642 1056 930 1135 HISTORIClS.

483 1437 592 1495 xxiv.
627 1423 744 1496 caro.

153 1625 177 1682 I.
206 1625 251 1682 M.
281 1623 367 1694 Cato,
396 1632 476 1682 ortus
510 1622 671 1698 monicipio
704 1623 842 1695 Tusculo,
871 1623 1116 1694 aduloscentulus,

114 1730 284 1804 priusquam
310 1729 470 1787 honoribus
496 1747 618 1804 operam
643 1728 736 1800 daret,
759 1733 891 1786 versotus
916 1739 960 1786 est
984 1729 1015 1786 in
1036 1730 1116 1789 Sabi·

114 1842 165 1906 nis,
186 1835 271 1910 quod
296 1835 337 1893 ibi
366 1835 520 1894 horodium
548 1839 566 1892 o
594 1845 677 1909 patre
702 1834 836 1892 relictum
862 1835 997 1895 habobat.
1041 1835 1116 1893 Inde

115 1940 229 1999 hortoto
254 1941 286 1999 L.
312 1941 420 1998 Valerii
445 1940 553 2011 Flacci,
578 1957 669 2015 quem
694 1940 724 1997 in
753 1941 907 1998 consulati]
934 1945 1117 2016 consoroque

115 2046 214 2106 habuit
236 2047 402 2121 conlogam,
417 2056 449 2104 ut
472 2047 513 2103 M.
531 2048 686 2121 Perpenna
707 2046 857 2104 consorius
880 2052 993 2104 nonore
1016 2048 1117 2106 solitus
1139 2069 1149 2116 5

115 2163 164 2223 est,
188 2154 319 2210 Romam
344 2152 518 2228 domigrovit
543 2152 572 2209 in
598 2153 723 2225 foroque
749 2170 812 2209 esse
836 2152 944 2227 coepit.
988 2155 1117 2211 Primum

114 2257 294 2333 stipendium
317 2259 423 2316 meruit
443 2262 587 2315 annorum
608 2258 715 2316 decem
736 2268 923 2333 septemque.
966 2259 1003 2332 Q.
1023 2259 1116 2317 Fabio

115 2365 154 2422 M.
184 2364 314 2422 Claudio
341 2363 511 2422 consulibus
542 2363 674 2422 tribonus
706 2363 829 2420 militum
862 2364 892 2421 in
922 2364 1018 2421 Sicilio
1050 2365 1113 2423 suit.

115 2470 187 2528 Inde
222 2479 256 2527 ut
287 2468 383 2541 rediit,
412 2480 507 2528 castra
537 2474 654 2527 secotus
686 2478 731 2526 est
762 2469 797 2527 C.
828 2469 946 2527 Claudii
978 2470 1115 2542 Neronis,

115 2581 269 2650 mognique
296 2592 388 2649 opera
416 2575 478 2633 oius
506 2575 670 2633 existimota
695 2584 739 2632 est
767 2574 797 2631 in
823 2574 935 2649 proelio
961 2576 1041 2649 apud
1065 2576 1115 2633 So·
1141 2601 1166 2630 ιο

114 2698 189 2753 nam,
211 2686 273 2755 quo
295 2680 405 2738 cecidit
426 2680 606 2750 Hasdrubal,
629 2680 716 2737 froter
742 2680 926 2738 Hannibalis.
970 2682 1117 2754 Quaestor

115 2787 216 2862 obtigit
253 2789 285 2845 P.
317 2772 456 2844 i-lfricono
491 2787 613 2856 consulI,
647 2805 715 2842 cum
750 2791 811 2859 quo
846 2792 906 2844 non
942 2793 996 2861 pro
1030 2788 1116 2845 sortis

114 2891 333 2950 necessitoline
368 2892 458 2962 vixit;
500 2909 628 2965 namque
660 2892 698 2949 ab
733 2896 770 2947 eo
801 2899 945 2966 perpetuo
979 2891 1116 2951 dissensit

113 3003 177 3056 vito.
220 2997 334 3055 Aedilis
362 2998 460 3072 plebei
488 2997 582 3054 sactus
609 3006 652 3054 est
676 3015 746 3053 cum
771 2998 806 3055 C.
833 2997 951 3054 Helvio.
996 3000 1116 3056 Praetor

114 3102 293 3176 provinciam
319 3103 447 3162 obtinuit
471 3101 644 3173 Sardiniam,
667 3120 704 3159 ex
725 3108 784 3176 quo
805 3113 942 3176 quaestor
964 3106 1115 3180 superiore
1141 3131 1164 3177 ¹5

114 3218 248 3284 tempore
284 3226 321 3265 ex
354 3194 454 3265 elfrico
488 3207 637 3266 docodeus
674 3208 712 3281 Q.
742 3209 871 3265 Ennium
908 3215 1026 3283 pootam
1063 3210 1114 3268 do·

115 3313 244 3386 doxerat‚
270 3315 352 3389 quod
379 3320 441 3372 non
469 3314 590 3371 minoris
618 3314 807 3371 aestimamus
836 3332 924 3388 quam
953 3315 1116 3389 quemlibet

114 3422 324 3495 amplissimum
345 3420 564 3478 Sardiniensem
587 3420 775 3494 triumphum.

153 3529 192 3585 ΙΙ.
223 3526 417 3586 Consulatum
446 3525 535 3600 gessit
564 3544 632 3581 cum
664 3527 694 3582 L.
724 3525 841 3582 Valerio
871 3526 988 3583 Flacco.
1031 3528 1114 3584 Sorte

116 3632 293 3706 provinciam
328 3640 431 3688 nactus
467 3630 642 3705 Hispaniam
678 3630 854 3705 citeriorem,
879 3648 916 3688 ex
946 3637 982 3687 eo
1014 3630 1112 3688 trium·
1137 3659 1166 3691 20

619 3763 664 3816 117
