2574 4146
465 719 529 775 xv.
566 703 874 776 nrnuiuounis.

209 903 233 959 Ι.
264 902 494 978 ΕρΞιηῑηὸηᾰΞε,
524 902 670 976 Polymnii
697 903 787 973 filius,
816 901 985 963 Thebanus.
1038 905 1087 960 De
1115 904 1169 960 hoc

168 1008 337 1082 priusquam
362 1008 525 1079 scribimus,
550 1007 624 1065 haec
652 1006 865 1082 praecipienda
891 1007 1028 1065 videntur
1056 1007 1168 1066 lectori-

168 1113 231 1185 bus,
260 1117 298 1170 ne
328 1113 441 1171 alienos
476 1118 573 1171 mores
603 1112 642 1170 ad
670 1117 738 1171 suos
765 1114 901 1184 reserant,
929 1117 1005 1172 neve
1034 1131 1070 1170 ea
1096 1131 1169 1188 quae

167 1219 237 1292 ipsis
265 1219 374 1277 leviora
402 1226 478 1290 sulit,
507 1224 571 1294 pari
598 1217 689 1276 modo
716 1217 796 1293 apud
828 1223 944 1277 ceteros
975 1219 1064 1278 fuisse
1096 1220 1168 1278 arbi-

132 1344 142 1388 ς
167 1333 287 1381 trentur.
329 1325 442 1382 Scimus
471 1325 548 1382 enim
580 1324 711 1382 mrisic'en
737 1330 844 1382 nostris
873 1324 1003 1383 moribus
1027 1325 1132 1384 abesse
1155 1330 1171 1382 Ξ

167 1430 308 1504 principis
329 1434 464 1504 person&
486 1430 590 1488 saltire
614 1434 684 1487 vero
709 1429 799 1488 etiam
823 1430 853 1486 in
877 1430 952 1487 vitiis
974 1435 1047 1504 poni
1058 1452 1066 1503 ;
1096 1448 1170 1505 quae

167 1537 267 1594 omnia
294 1536 375 1611 apud
400 1538 532 1596 Graecos
560 1546 590 1594 et
617 1543 699 1611 grita
728 1546 758 1594 et
788 1535 875 1594 laude
900 1536 989 1611 digna
1014 1537 1170 1596 ducuntur.

168 1642 246 1700 Cum
265 1652 364 1700 autem
385 1642 549 1716 exprimere
568 1642 727 1717 imiginem
747 1642 968 1700 consuetudinis
987 1653 1076 1717 atque
1097 1650 1171 1701 vitae

166 1749 287 1806 velimus
316 1747 551 1823 Epaminondae,
580 1730 651 1804 nihil
681 1747 817 1805 videmur
846 1747 957 1806 debere
988 1750 1171 1823 praetermit-

118 1864 238 1924 rotem,
261 1852 343 1928 quod
364 1854 510 1928 pertineat
531 1852 568 1910 ad
595 1871 660 1910 eam
685 1852 903 1911 declarandam.
946 1853 1014 1926 Qui
1035 1859 1068 1912 re
1092 1853 1171 1913 dice-

167 1978 232 2016 mus
256 1965 382 2033 primum
407 1958 446 2016 de
470 1977 578 2033 genere
603 1959 674 2030 eius,
697 1958 806 2016 deinde
828 1958 934 2033 quibus
955 1958 1119 2034 disciplinis
1143 1971 1172 2027 et
1205 2027 1206 2030 Ἴ

167 2071 185 2122 Ξ
212 2066 317 2139 quibus
345 2066 382 2123 sit
407 2063 545 2134 eruditus,
571 2074 634 2122 tum
662 2063 701 2122 de
730 2065 860 2122 moribus
884 2065 1054 2139 ingeniique
1083 2065 1170 2123 facul-

166 2171 273 2228 titibus
310 2180 339 2228 et
370 2177 394 2228 si
425 2187 484 2244 qua
514 2170 571 2227 alia
602 2171 744 2227 memorii
775 2169 865 2244 digna
896 2180 991 2240 erunt,
1019 2175 1171 2245 postrEmo

166 2276 204 2334 de
240 2277 325 2334 rebus
360 2283 458 2351 gestis,
494 2294 570 2350 quae
605 2282 623 2334 Ξ
656 2276 788 2351 plririmis
823 2275 913 2332 animi
951 2281 1172 2351 anteponuntur

117 2401 141 2448 ις
165 2382 328 2440 virtutibus.

207 2489 248 2545 II.
278 2488 372 2544 Nitus
399 2487 487 2561 igitur
517 2496 600 2562 patre
631 2491 690 2561 quo
725 2486 860 2557 diximus,
888 2504 998 2562 genere
1033 2486 1169 2558 honesto,

165 2568 279 2668 pauper
306 2593 364 2650 iam
393 2598 411 2650 Ξ
438 2592 596 2650 miioribus
624 2593 741 2650 relictus
770 2602 822 2663 est,
845 2591 975 2649 eruditus
1003 2602 1104 2650 autem
1129 2598 1170 2650 sic

165 2709 197 2756 ut
218 2703 307 2756 nimo
328 2699 489 2756 Thibinus
510 2697 611 2771 magis.
654 2698 733 2754 Nam
754 2707 784 2755 et
805 2697 974 2755 citharizire
997 2707 1028 2755 et
1050 2704 1169 2755 cantire

165 2803 203 2862 ad
235 2802 412 2862 chordirum
444 2821 549 2860 sonum
581 2800 687 2860 doctus
719 2813 763 2860 est
794 2808 811 2859 Ξ
843 2802 998 2874 Dionysio,
1028 2810 1079 2877 qui
1110 2809 1169 2861 non

114 2934 142 2965 20
165 2911 278 2967 minore
304 2910 356 2966 suit
381 2910 411 2965 in
436 2908 554 2965 misicis
574 2907 666 2982 glori}
686 2925 775 2982 quam
798 2909 916 2965 Daimon
938 2917 988 2966 aut
1014 2908 1168 2984 Lamprus,

164 3020 290 3089 quorum
315 3015 484 3089 pervulgita
508 3022 575 3070 sunt
599 3012 728 3082 nomina,
755 3018 873 3070 cantire
898 3013 975 3071 tibiis
1000 3013 1039 3071 ab
1067 3014 1166 3090 Olym·

164 3122 300 3198 piodorir,
332 3121 436 3178 saltire
467 3125 485 3176 Ξ
516 3118 714 3193 Calliphrone.
769 3121 809 3176 At
843 3118 1049 3194 philosophiae
1084 3137 1168 3195 prae-

164 3233 317 3302 ceptorem
350 3226 451 3284 habuit
487 3225 585 3299 Lysim
619 3225 820 3296 limentinum,
850 3224 1067 3299 Pythagoreum
1077 3245 1087 3298 3
1122 3231 1170 3283 cui

163 3332 285 3408 quidem
307 3339 348 3390 sic
370 3333 424 3388 suit
445 3329 573 3400 deditus
595 3339 627 3387 ut
649 3329 822 3388 adulescens
844 3337 953 3388 tristem
976 3349 1012 3387 ac
1034 3335 1169 3389 seve'mm

112 3465 138 3512 25
163 3457 265 3497 senem
297 3438 434 3495 omnibus
466 3435 636 3510 aequilibus
668 3442 726 3493 suis
757 3437 787 3493 in
818 3436 1013 3494 familiiritzite
1044 3447 1168 3512 antepo-

163 3545 273 3616 suerit;
301 3562 398 3617 neque
423 3543 502 3617 prius
526 3560 593 3598 eum
619 3546 637 3598 Ξ
661 3546 692 3598 sii
717 3541 835 3613 dimisit,
857 3560 946 3616 quam
972 3543 1002 3600 in
1026 3542 1169 3601 doctrinis

163 3655 246 3709 tanto
277 3648 435 3706 antecessit
466 3646 695 3720 condiscipulos
723 3657 755 3704 ut
787 3647 871 3704 facile
903 3647 1034 3722 intellegi
1067 3659 1170 3722 posset

626 3766 659 3816 68
