2574 4206
129 242 188 288 102
416 237 586 287 connum
609 237 757 287 unrurrs
780 235 889 286 urnis
1142 236 1181 303 [v.

175 410 298 483 putabat
309 429 317 480 ;
353 410 452 484 itaque
481 427 550 468 suae
579 408 662 467 domi
688 409 828 467 sacellum
856 412 1042 468 Automatias
1070 413 1180 469 cansti-

175 523 270 572 tuerat
291 514 382 590 idque
403 516 586 574 sanctissima
608 514 735 574 colabat.

214 621 250 679 V.
278 619 325 678 Ad
358 621 433 678 hanc
462 621 589 679 hominis
617 621 813 679 excellentem
842 621 1005 680 bonitatem
1033 623 1181 682 mirabilis

174 735 360 785 accesserant
388 731 472 784 casas
483 746 491 798 ;
527 744 596 784 nam
626 727 737 801 proelia
768 727 897 784 maxima
925 728 1015 785 natali
1046 733 1099 787 sui)
1131 727 1181 786 dia

139 851 150 899 5
174 831 249 891 facit
270 832 379 903 omnia,
395 837 456 906 qua
478 832 589 890 iactum
611 841 708 891 estut
729 833 791 890 aius
812 832 893 891 diem
914 833 1043 891 natalem
1066 835 1179 892 festum

175 937 296 996 habEret
319 938 455 996 universa
479 937 583 996 Sicilia
628 939 709 995 Huic
734 937 855 1012 quidam
880 939 1066 1015 Laphystius,
1089 939 1180 998 homa

174 1043 308 1116 petulans
337 1053 367 1101 et
395 1044 532 1118 ingratus,
560 1041 764 1102 vadimanium
796 1062 864 1101 cum
895 1044 982 1102 vellet
1014 1045 1180 1119 imminere,

174 1150 255 1222 quod
283 1168 352 1207 cum
380 1150 430 1208 illi)
455 1155 487 1208 sa
511 1151 576 1225 lage
601 1168 688 1225 agere
713 1150 835 1221 diceret,
861 1160 891 1209 et
915 1151 1083 1225 compluries
1108 1171 1178 1211 con-

174 1255 340 1327 currissent,
368 1262 420 1331 qui
454 1256 666 1330 procacitatem
704 1256 831 1314 hominis
866 1256 1001 1314 manibus
1040 1263 1179 1316 coercare

125 1387 152 1417 ιο
173 1365 359 1433 minarentur,
393 1363 549 1420 ‘limolerin
588 1361 681 1420 aravit
719 1361 853 1419 hominis
891 1366 929 1420 na
967 1361 998 1419 id
1037 1363 1177 1421 facerent.

174 1467 313 1541 Namque
340 1466 372 1524 id
400 1478 433 1524 ut
461 1467 621 1542 Laphystii
650 1478 680 1524 et
709 1473 799 1524 cuivis
831 1468 941 1539 licaret,
970 1472 1002 1525 sa
1035 1470 1180 1527 maximas

173 1571 288 1631 labaras
317 1591 489 1648 summaque
514 1573 621 1632 adiisse
646 1574 784 1646 pericula.
827 1575 917 1630 Hanc
942 1574 1021 1631 enim
1046 1575 1178 1649 speciem

173 1678 313 1738 libertatis
342 1697 416 1749 esse,
445 1685 468 1736 si
497 1679 643 1749 omnibus,
673 1678 754 1753 quod
783 1679 907 1754 quisque
939 1679 1036 1750 vellet,
1065 1680 1178 1754 ligibus

174 1790 299 1859 experiri
329 1784 439 1843 lic'e'ret.
493 1771 590 1855 ldem,
619 1802 687 1841 cum
723 1785 845 1858 quidam
880 1785 1031 1860 Laphystii
1065 1786 1177 1857 similis,

125 1912 149 1959 ις
173 1891 292 1948 namine
322 1891 532 1962 Damaenetus
554 1891 585 1947 in
613 1891 752 1948 cantiane
778 1892 880 1966 populi
907 1891 946 1949 de
974 1891 1061 1949 rebus
1089 1898 1177 1966 gestis

173 1997 235 2053 aius
263 1996 418 2054 detrahere
446 1997 594 2071 coepisset
621 2015 656 2054 ac
684 1997 824 2055 nannalla
851 1997 1039 2055 inveheratur
1066 1998 1097 2055 in
1127 1999 1176 2054 T-

173 2101 332 2172 moleonta,
361 2101 435 2160 dixit
469 2120 547 2158 nunc
579 2101 701 2160 demum
732 2107 764 2160 sa
794 2108 856 2161 vati
887 2121 951 2161 esse
983 2103 1155 2162 damnatum
1167 2125 1175 2176 5

173 2224 301 2281 namque
340 2207 398 2264 hac
432 2213 450 2264 a
485 2208 530 2265 dis
559 2208 772 2265 immortalibus
802 2226 921 2282 semper
953 2216 1116 2284 precatum,
1145 2219 1176 2266 ut

174 2313 262 2370 talem
296 2313 461 2370 libertatem
496 2314 661 2370 restitueret
696 2314 889 2388 Syracusanis,
926 2315 955 2371 in
990 2320 1049 2390 qua
1086 2321 1176 2373 cuivis

122 2443 152 2474 20
173 2418 275 2475 licaret
298 2417 337 2476 de
358 2424 418 2492 qua
440 2419 528 2477 vellet
549 2418 631 2492 quod
651 2419 739 2476 vellet
761 2419 881 2493 impune
904 2419 1013 2478 dicere.

215 2525 275 2580 Hic
297 2542 365 2580 curn
386 2524 466 2581 diem
488 2529 659 2599 supramum
680 2525 800 2595 obisset,
815 2525 934 2599 publice
954 2531 971 2583 a
990 2527 1176 2600 Syracusanis

174 2630 204 2687 in
231 2630 392 2706 gymnasii),
421 2629 503 2704 quod
529 2630 770 2688 'limoleontaum
800 2630 973 2705 appellatur,
1002 2637 1065 2690 tata
1098 2632 1174 2689 cele-

174 2736 277 2794 brante
299 2735 397 2794 Sicilia
417 2734 548 2809 sepultus
569 2744 622 2793 est.
