2574 4146
95 274 198 341 [ιω]
546 277 733 326 nmmum
1094 286 1153 348 113

95 450 255 508 absentem
283 450 462 508 adfecerunt
489 457 595 526 poeno.
653 451 698 508 Illi
725 451 887 525 dosporotis
920 452 1006 510 robus
1036 470 1105 509 cum
1157 510 1164 526 ,

95 556 254 614 solvissent
286 561 374 614 novos
404 574 439 613 ac
470 557 535 614 vola
564 563 658 614 ventis
690 555 851 627 dedissent,
880 557 1031 616 Hannibal
1066 558 1104 615 ad

95 663 281 720 Antiochum
310 663 452 736 pervonit.
510 664 556 719 Do
586 661 722 736 Mogoni's
750 663 870 721 interito
901 662 1012 737 duplex
1042 681 1104 720 me-

95 769 193 825 moria
223 767 341 843 prodita
370 777 432 824 est:
462 786 591 842 namque
619 768 667 824 alii
693 768 851 842 naufragio,
873 769 921 826 alii
944 775 962 826 o
986 770 1105 827 servulis

95 873 187 948 ipsius
218 873 405 931 intersectum
434 891 502 930 eum
531 880 671 946 scriptum
700 875 885 948 reliquorum.
943 875 1106 932 Antiochus
1130 899 1140 946 5

95 990 199 1037 autem
236 985 260 1036 si
295 989 356 1035 tam
391 979 421 1036 in
459 978 591 1054 gerendo
629 979 707 1037 bello
744 980 873 1037 consiliis
905 980 966 1037 oius
1003 985 1104 1055 potore

95 1085 247 1156 voluisset,
271 1102 361 1158 quam
386 1085 417 1141 in
444 1083 634 1158 suscipiendo
660 1085 833 1157 instituerat,
858 1086 979 1160 propius
1005 1087 1106 1144 Tiberi

95 1208 187 1265 quam
212 1189 419 1265 Thermopylis
444 1189 484 1248 do
509 1195 624 1247 summo
647 1190 763 1264 imperii
787 1190 964 1248 dimicosset.
1007 1192 1105 1265 Quem

95 1303 154 1354 etsi
179 1296 272 1352 multa
300 1295 387 1353 stulto
416 1300 516 1354 conori
543 1294 672 1368 vidobat
695 1306 795 1353 tamen
820 1296 898 1354 nollo
923 1296 1051 1355 doseruit
1076 1298 1106 1355 in

96 1407 139 1460 ro.
197 1401 326 1459 Praefuit
358 1407 460 1475 paucis
491 1401 622 1473 novibus,
651 1407 723 1476 quos
751 1420 788 1458 ex
815 1402 896 1477 Sirio
923 1402 1016 1460 irissus
1044 1413 1106 1460 erat
1130 1426 1157 1456 ιο

99 1508 130 1565 in
153 1507 255 1565 Asiam
278 1506 398 1579 docere,
417 1513 517 1581 eisque
546 1504 685 1564 adversus
714 1506 901 1566 Rhodiorum
926 1508 1050 1567 classem
1076 1509 1106 1566 in

102 1613 278 1687 Pamphylio
306 1619 379 1670 mari
406 1612 546 1669 conflixit.
590 1614 625 1670 In
653 1617 714 1686 quo
742 1631 811 1670 cum
838 1614 1026 1672 multitridine
1054 1615 1106 1672 ad-

101 1719 295 1776 versoriorum
321 1724 366 1775 sui
390 1724 605 1794 superorentur,
631 1718 694 1793 ipse
719 1724 780 1792 quo
807 1724 900 1776 corno
929 1737 992 1776 rem
1017 1720 1107 1794 gessit

103 1825 155 1883 luit
176 1824 319 1899 superior.

143 1932 194 1988 IX.
223 1929 372 1988 Antiocho
401 1930 500 2005 sugoto
529 1934 634 1987 verons
664 1935 702 1987 no
734 1929 903 2002 doderotun
932 1931 1014 2006 quod
1044 1933 1107 1990 sine
1131 1958 1156 2005 ¹5

105 2035 192 2094 dubio
221 2034 388 2106 accidisset,
417 2042 441 2092 si
470 2042 514 2092 sui
543 2035 666 2092 socisset
698 2042 885 2110 potestotem,
914 2037 1033 2094 Crotam
1069 2038 1107 2095 ad

105 2141 263 2214 Gortynios
296 2141 386 2212 vonit,
415 2149 447 2198 ut
478 2140 519 2198 ibi
554 2146 614 2214 quo
649 2145 680 2197 so
716 2141 862 2198 conferret
898 2142 1107 2201 consideraret.

104 2247 182 2304 Vidit
207 2256 308 2304 autem
332 2247 375 2302 vir
403 2245 536 2303 omniurn
563 2243 768 2302 callidissimus
792 2246 823 2302 in
851 2252 959 2322 mogno
987 2253 1018 2306 so
1046 2249 1107 2306 lore

104 2352 243 2426 periculo,
278 2351 333 2408 nisi
368 2350 441 2424 quid
475 2351 659 2427 providisset,
694 2360 816 2425 propter
850 2352 1001 2410 avoritiam
1036 2354 1107 2412 Cro-

105 2457 229 2515 tonsium
240 2477 249 2529 ;
285 2461 423 2530 mignam
458 2456 538 2513 enirn
573 2460 674 2514 socom
706 2457 863 2530 peconiam
895 2459 1041 2532 portobat,
1069 2458 1108 2517 do
1131 2487 1159 2520 20

105 2568 160 2635 quo
187 2561 302 2619 sciobat
327 2567 420 2620 exisse
447 2562 570 2619 somam.
614 2561 719 2635 Itaque
748 2562 828 2636 capit
857 2563 914 2620 tale
943 2564 1107 2622 consilium.

105 2667 268 2741 Amphoros
305 2667 473 2742 comploros
509 2665 641 2741 complet
676 2666 808 2741 plumbo,
846 2674 975 2726 summos
1013 2669 1109 2743 operit

105 2777 173 2830 auro
203 2781 233 2830 et
261 2777 394 2847 argento.
452 2773 517 2830 Hos
544 2771 748 2846 praesentibus
777 2773 957 2848 principibus
986 2774 1109 2850 doponit

106 2877 134 2934 in
157 2878 272 2952 templo
298 2877 423 2949 Dionae,
438 2877 577 2936 simulius
602 2883 634 2937 so
658 2884 724 2937 suos
745 2879 881 2936 fortonos
902 2879 1017 2938 illorum
1038 2880 1110 2939 fidei

107 2984 235 3042 erodere.
293 2983 351 3040 His
381 2983 412 3041 in
441 2988 569 3042 errorem
598 2983 726 3041 inductis
754 2989 864 3041 statuos
892 2989 1007 3055 aeneos,
1036 2991 1108 3059 quos
1130 3015 1157 3063 25

108 3091 204 3145 sicum
240 3087 388 3162 portobat,
417 3094 499 3146 omni
529 3094 581 3147 suo
611 3088 739 3163 peconio
770 3089 901 3162 complet
936 3095 1044 3164 eosque
1079 3092 1109 3147 in

109 3193 260 3269 propatulo
288 3192 373 3251 domi
403 3193 504 3252 abicit.
559 3194 696 3268 Gortynii
726 3195 870 3269 templum
904 3201 1011 3270 magno
1041 3200 1110 3254 coro

111 3299 284 3370 custodiunt,
303 3303 366 3357 non
387 3308 448 3356 tam
469 3304 487 3356 o
507 3302 611 3357 coteris
634 3316 723 3373 quam
745 3299 784 3358 ab
805 3300 984 3371 Hannibale,
1002 3305 1040 3358 no
1062 3301 1110 3359 ille

110 3403 295 3463 inscientibus
308 3408 351 3461 eis
373 3403 489 3462 tolleret
509 3422 562 3461 sua
582 3409 744 3480 socumque
766 3404 897 3463 doceret.

145 3510 182 3567 X.
209 3511 256 3568 ᾖε
286 3514 463 3568 conservitis
491 3516 548 3568 suis
576 3510 663 3569 robus
694 3510 830 3569 omnibus
862 3512 978 3568 Poenus
1011 3511 1110 3570 inlosis
1132 3545 1160 3591 30

115 3612 298 3674 Crotonsibus
336 3614 376 3673 ad
414 3616 544 3674 Prosiam
585 3616 615 3673 in
654 3618 780 3674 Pontum
823 3617 964 3691 pervonit.
1021 3617 1109 3690 Apud

116 3733 195 3796 quem
224 3719 335 3784 eodem
358 3720 458 3780 animo
483 3720 537 3779 fuit
562 3727 631 3796 ergo
655 3708 769 3782 ltaliam
798 3738 895 3800 neque
924 3721 1003 3782 aliud
1028 3723 1109 3799 quic-
