2574 4146
118 257 179 320 130
407 251 577 301 CORNELII
601 251 749 301 NEPOTIS
774 252 882 301 VITAE
1036 252 1105 316 [m
1117 265 1170 303 xvt.

164 430 301 483 cenatum
327 435 380 496 est,
404 434 436 481 ut
461 429 521 481 non
544 424 640 482 minus
664 424 764 481 anima
788 441 879 504 quam
903 434 1005 483 ventre
1026 433 1170 486 convivae

164 530 390 589 delectarentur.
446 531 585 604 Namque
617 535 669 587 eas
699 530 835 602 vocabat,
864 535 991 605 quarum
1022 537 1124 591 mares
1154 539 1171 591 a

164 642 221 694 suis
249 641 310 694 nan
338 636 539 694 abhorrarent.
594 635 671 694 Cum
699 645 782 694 tanta
809 636 955 710 pecuniae
984 636 1064 695 facta
1093 648 1171 697 esset

163 742 304 813 accessio,
325 741 398 798 nihil
419 741 457 798 da
478 740 643 799 cottidiana
668 741 747 798 cultu
775 741 907 813 mutavit,
929 741 1003 800 nihil
1028 741 1068 801 da
1093 750 1170 802 vitae

128 874 139 922 5
163 845 388 918 consuetiidine,
418 852 557 920 tantaque
586 851 655 904 usus
683 856 728 904 est
761 846 976 919 moderatione,
1005 857 1039 906 ut
1072 867 1170 924 neque

163 955 193 1011 in
221 952 356 1011 sestertio
382 952 502 1023 viciens,
531 950 613 1025 quod
640 958 659 1009 a
688 960 771 1026 patre
801 957 968 1027 acceperat,
998 970 1106 1027 parum
1138 959 1170 1013 sa

163 1056 320 1134 splendida
343 1057 466 1131 gesserit
490 1074 588 1131 neque
616 1057 647 1114 in
672 1057 807 1115 sestertio
831 1057 966 1115 centiens
990 1058 1170 1118 adfluentius

162 1164 275 1235 vixerit,
298 1181 387 1237 quam
410 1163 584 1234 instituerat,
605 1169 727 1237 parique
753 1163 868 1238 fastigio
892 1163 1007 1222 steterit
1032 1165 1063 1222 in
1091 1171 1169 1223 utra-

163 1288 220 1344 que
248 1270 376 1328 fartima
434 1267 538 1326 Nallos
565 1268 668 1326 habuit
695 1269 805 1339 hortas,
834 1267 942 1326 nullam
971 1270 1170 1328 suburbanam

115 1408 141 1440 10
163 1386 212 1434 aut
228 1375 405 1433 maritimam
423 1379 626 1448 sumptuasam
647 1374 753 1446 villam,
769 1392 866 1448 neque
888 1374 918 1431 in
940 1361 1037 1448 Italia,
1052 1387 1171 1451 praeter

163 1484 330 1540 Arretinum
355 1489 385 1538 et
408 1480 639 1551 Namentanum,
661 1480 801 1536 misticum
823 1481 987 1554 praedium,
1010 1483 1170 1557 omnisque

161 1592 222 1646 eius
243 1589 385 1661 pecuniae
408 1585 519 1643 reditus
547 1586 702 1643 constabat
732 1586 763 1642 in
795 1572 953 1660 Epiroticis
989 1597 1020 1645 et
1050 1588 1170 1647 urbanis

162 1692 406 1768 possessianibus.
449 1693 495 1747 Ex
515 1696 575 1764 qua
597 1696 739 1766 cagnosci
760 1701 858 1765 potest
879 1697 964 1749 usum
986 1710 1056 1750 eum
1079 1699 1170 1768 pecu-

163 1800 229 1856 niae
250 1804 310 1856 nan
332 1796 542 1871 magnitudine,
564 1796 617 1854 sed
638 1797 751 1854 tatiane
774 1803 869 1854 metiri
890 1797 1018 1854 solitum.

114 1933 139 1978 ¹5
203 1906 266 1962 XV.
299 1900 491 1960 Mendacium
526 1919 623 1975 neque
658 1900 778 1959 dicabat
812 1919 910 1976 neque
944 1909 1006 1976 pati
1040 1914 1170 1978 poterat.

164 2012 268 2084 Itaque
296 2009 359 2066 eius
387 2007 511 2064 comitas
539 2012 600 2065 non
625 2007 688 2064 sine
712 2007 868 2065 sevaritate
893 2017 955 2065 erat
979 2026 1080 2083 neque
1104 2029 1170 2085 gra·

162 2117 236 2173 vitas
259 2115 323 2173 sine
343 2113 492 2184 facilitate,
513 2121 546 2169 ut
567 2111 686 2169 difficile
708 2121 786 2169 esset
806 2112 958 2171 intellactii
979 2124 1079 2172 utrum
1101 2133 1171 2173 eum

162 2225 250 2279 amici
271 2219 363 2295 magis
385 2223 554 2276 vererentur
575 2236 613 2275 an
638 2223 780 2275 amarent.
822 2217 977 2292 Quidquid
1001 2221 1170 2294 rogabatur,

162 2326 297 2402 religiase
322 2324 523 2399 promittEbat,
549 2321 631 2397 quod
655 2328 716 2381 nan
740 2323 882 2395 liberales,
908 2324 962 2382 sed
986 2324 1068 2384 leves
1094 2327 1170 2385 arbi·

112 2461 141 2493 20
163 2433 292 2491 trabatur
316 2431 449 2505 polliceri
473 2428 553 2503 quod
584 2434 732 2502 praestare
760 2434 821 2487 non
848 2440 978 2503 possent.
1022 2418 1111 2490 Idem
1139 2432 1170 2490 in

163 2537 294 2597 tenendo
322 2536 404 2612 quod
433 2535 524 2594 semel
552 2533 703 2592 adnuisset
731 2541 812 2592 tanta
844 2545 907 2593 erat
937 2541 1015 2607 cura,
1044 2547 1078 2595 ut
1109 2543 1170 2596 non

162 2644 343 2715 mandatam,
372 2641 426 2700 sed
455 2661 538 2700 suam
573 2659 636 2699 rem
664 2639 814 2699 vidaretur
842 2659 938 2716 agere.
995 2643 1169 2718 Numquam

163 2756 292 2825 suscepti
311 2748 422 2822 negatii
443 2766 511 2804 eum
532 2756 700 2821 pertaesum
723 2756 766 2804 est
777 2767 785 2818 ;
814 2764 897 2804 suam
918 2747 998 2805 enim
1020 2750 1168 2806 existima-

162 2858 275 2916 tianem
304 2856 335 2912 in
362 2860 397 2911 ea
424 2858 455 2910 re
484 2858 531 2927 agi
558 2853 690 2926 putabat,
718 2857 777 2926 qua
804 2852 876 2909 nihil
904 2852 1034 2911 hababat
1064 2854 1168 2912 carius.

112 2991 138 3038 25
163 2964 232 3037 Qua
260 2961 357 3019 fiabat
383 2969 416 3016 ut
444 2959 544 3016 omnia
571 2958 760 3028 Cicerauum,
789 2959 832 3014 M.
862 2958 994 3028 Catanis,
1022 2959 1060 3033 Q.
1088 2962 1167 3019 Hor-

162 3068 257 3139 tensii,
286 3068 321 3124 A.
349 3066 502 3139 Torquati,
528 3064 686 3121 multarum
714 3069 868 3138 praeterea
894 3065 1025 3138 equitum
1056 3066 1168 3123 Roma-

162 3179 269 3232 narum
296 3171 417 3245 negritia
444 3174 624 3244 procuraret.
668 3171 714 3225 Ex
741 3174 802 3242 quo
830 3168 952 3226 iudicari
979 3179 1081 3243 potest
1108 3176 1168 3229 ndu

163 3280 276 3349 inertia,
298 3277 351 3335 sed
373 3274 484 3333 iudicio
504 3275 618 3349 fugisse
639 3280 681 3332 rei
701 3275 838 3349 publicae
851 3259 1112 3349 ‘pracurationem

203 3386 284 3443 XVI.
314 3381 514 3440 Humanitatis
538 3385 608 3438 vera
633 3381 744 3438 nullum
769 3379 885 3439 adferre
913 3382 1007 3440 maius
1035 3383 1166 3441 testima-

113 3521 141 3566 3⁰
163 3493 245 3549 nium
262 3507 392 3564 possum,
407 3506 497 3562 quam
514 3486 596 3560 quod
617 3485 790 3544 adulescens
810 3486 891 3545 idem
914 3493 977 3544 seni
998 3488 1095 3546 Sullae
1117 3488 1167 3545 fuit

164 3595 399 3665 iucundissimus,
414 3611 504 3652 senex
525 3591 707 3649 adulescenti
729 3593 772 3648 M.
788 3593 887 3662 Brata,
906 3610 976 3650 cum
998 3595 1166 3669 aequalibus

164 3713 262 3762 autem
292 3707 350 3760 suis
378 3701 416 3774 Q.
446 3699 610 3756 Hortensia
642 3707 672 3755 et
704 3699 747 3756 M.
776 3697 924 3756 Cicerane
956 3705 998 3757 sic
1028 3703 1110 3772 vixit,
1136 3708 1166 3758 ut
