2574 4146
525 723 623 780 xvn.
658 708 888 780 neiisuius

248 909 272 964 Ι.
301 888 451 982 Agasilaus
477 907 731 965 Lacedaemonius
755 926 824 965 cum
849 913 867 964 a
891 912 996 964 ceteris
1021 911 1219 982 scriptaribus

207 1025 268 1070 tum
295 1014 400 1070 eximie
426 1020 443 1070 a
466 1014 665 1088 Xenophonte
691 1014 840 1072 Sacratica
866 1013 1059 1072 conlaudatus
1083 1025 1150 1087 est;
1180 1021 1219 1073 ea

207 1120 287 1176 enim
310 1125 377 1176 risus
400 1129 444 1177 est
467 1119 699 1177 familiarissima.

248 1227 309 1281 Hic
344 1231 470 1298 primum
503 1224 541 1282 da
570 1230 660 1299 ragni)
689 1243 758 1281 cum
788 1224 980 1299 Leatychida,
1010 1225 1105 1282 fratris
1137 1225 1218 1298 filia,

171 1355 181 1402 5
206 1330 308 1389 habuit
336 1331 568 1388 contentianem.
626 1332 693 1387 Mos
722 1340 784 1387 erat
814 1330 893 1387 enim
923 1329 1172 1389 Lacedaemoniis
1201 1337 1219 1389 a

208 1437 365 1494 maiaribns
390 1436 522 1506 traditus,
548 1446 579 1494 ut
607 1437 692 1494 binas
721 1436 866 1494 habarent
894 1453 1012 1510 semper
1040 1440 1135 1511 ragis,
1161 1441 1217 1495 na·

208 1543 286 1599 mine
316 1542 407 1616 magis
435 1561 524 1615 quarn
553 1543 688 1616 imperio,
710 1560 746 1599 ex
776 1542 889 1599 duabus
918 1542 1034 1599 familiis
1061 1543 1160 1599 Procli
1185 1552 1217 1601 et

208 1648 408 1722 Eurysthenis
434 1655 484 1721 qui
512 1649 658 1722 principES
687 1666 723 1704 ex
751 1648 893 1722 progenie}
924 1647 1061 1704 Herculis
1090 1649 1217 1722 Spartae

207 1759 290 1828 reges
329 1754 453 1810 fuerunt.
518 1755 634 1810 Horum
672 1772 708 1810 ex
742 1753 833 1810 altera
868 1754 897 1809 in
932 1753 1048 1810 alterius
1080 1753 1216 1812 'familiae

159 1891 184 1919 10
207 1860 304 1915 locum
342 1860 404 1916 fieri
440 1865 501 1915 nan
537 1859 663 1930 licabat3
707 1859 746 1915 ita
783 1877 867 1916 suum
905 1869 1029 1932 utraque
1066 1859 1216 1917 retinabat

206 1964 350 2022 ardinem.
407 1967 536 2021 Primum
568 1965 641 2021 ratio
676 1964 846 2034 habebatur,
875 1969 926 2038 qui
962 1965 1106 2022 maximus
1142 1968 1215 2022 nata

207 2080 283 2128 esset
308 2088 345 2126 ex
366 2070 461 2127 liberis
483 2071 553 2138 eius,
576 2075 627 2143 qui
650 2074 773 2144 ragnans
797 2070 990 2142 dacessisset3
1019 2075 1063 2126 sin
1086 2070 1108 2126 is
1132 2069 1216 2128 virile

207 2194 291 2233 secus
312 2180 373 2232 nan
395 2175 567 2248 reliquisset,
590 2186 652 2230 tum
674 2174 864 2249 deligabatuq
879 2158 939 2248 'qui
960 2177 1110 2250 proximus
1134 2186 1215 2233 esset

207 2280 435 2355 propinquitate.
491 2281 626 2336 Mortuus
660 2289 721 2337 erat
751 2266 821 2354 Agis
854 2284 913 2351 tax,
944 2279 1031 2336 frater
1064 2281 1194 2354 Agesilai
1205 2301 1213 2351 ;

158 2413 181 2458 ¹5
207 2386 303 2442 filium
336 2386 491 2459 reliquerat
525 2385 748 2459 Leotychidem.
805 2386 903 2458 Quem
934 2385 982 2441 ille
1015 2389 1115 2443 natum
1151 2391 1215 2443 nan

206 2497 335 2566 agnarat,
372 2490 500 2548 eundem
537 2490 664 2547 moriaris
699 2509 782 2547 suum
820 2509 884 2548 esse
919 2489 1041 2547 dixerat.
1105 2491 1136 2548 Is
1171 2489 1212 2548 da

206 2597 318 2655 honare
343 2601 425 2671 rigni
449 2615 517 2653 cum
542 2596 688 2670 Agesilao,
715 2601 819 2668 patruo
845 2601 907 2667 sua,
929 2595 1084 2654 contendit
1111 2613 1212 2670 neque

206 2702 236 2761 id
272 2701 354 2776 quod
390 2702 493 2776 petivit
531 2705 707 2757 cansecirtus
745 2711 808 2772 est3
849 2720 919 2760 nam
960 2702 1113 2778 Lysandra
1152 2707 1210 2762 sus-

205 2811 344 2885 fragante‚
373 2807 503 2877 homine,
531 2814 564 2862 ut
604 2805 787 2863 ostendimus
823 2812 919 2880 supra,
949 2805 1073 2865 factioso
1111 2817 1142 2865 et
1177 2808 1213 2867 iis

155 2940 182 2970 20
205 2911 387 2984 temporibus
415 2920 548 2984 potente,
578 2911 727 2984 Agesilaus
756 2911 899 2969 antelatus
928 2921 981 2968 est.

241 3014 283 3070 ΙΙ.
313 3015 373 3069 Hic
396 3012 481 3069 simul
504 3023 592 3086 atque
614 3013 731 3085 imperii
751 3018 861 3084 potitus
883 3022 936 3084 est,
954 3019 1096 3091 persuasit
1119 3020 1212 3077 Lace·

204 3117 369 3176 daemoniis
383 3127 415 3175 ut
430 3135 497 3174 cum
514 3119 644 3176 exercita
662 3123 693 3176 se
712 3119 861 3179 mitterent
878 3121 909 3178 in
923 3123 1022 3180 Asiam
1041 3124 1213 3200 bellumque

203 3226 265 3297 tagi
288 3224 428 3293 lacerent,
452 3221 564 3280 docans
586 3223 675 3280 satius
701 3242 764 3281 esse
786 3225 816 3282 in
837 3226 906 3284 Asia
926 3244 1016 3301 quam
1037 3229 1067 3286 in
1090 3231 1214 3306 Eurapa

203 3327 345 3385 dimicari.
403 3327 539 3402 Namque
573 3328 656 3386 sama
688 3330 797 3387 exierat
825 3332 1007 3391 Artaxerxen
1035 3343 1212 3410 comparare

152 3453 178 3500 25
203 3434 310 3490 classEs
331 3432 543 3507 pedestresque
565 3434 719 3506 exercitiis,
741 3441 815 3509 quas
837 3437 867 3494 in
890 3439 1047 3497 Graeciam
1070 3441 1211 3501 mitteret.

203 3539 281 3596 Data
301 3544 449 3611 potestate
471 3545 552 3596 tanta
574 3539 723 3597 celeritate
745 3545 813 3598 asus
834 3552 887 3613 est,
902 3553 935 3600 ut
956 3544 1035 3619 prius
1056 3545 1087 3602 in
1110 3547 1211 3606 Asiam

201 3661 270 3699 cum
299 3644 393 3718 capiis
418 3645 585 3719 pervanerit
612 3663 701 3720 quam
732 3646 805 3721 tagii
832 3656 966 3724 satrapae
998 3668 1067 3708 eum
1099 3658 1211 3712 scirent

663 3765 696 3816 80
