2574 4146
512 728 583 786 xit.
619 713 833 787 curtennis.

212 912 236 972 Ῑ.
266 914 408 974 Chabries
436 913 632 972 Atheniensis.
681 915 741 971 Hic
770 931 889 988 quoque
918 914 948 971 in
976 922 1098 974 summis
1125 915 1175 974 ha·

171 1018 248 1077 bitus
276 1030 321 1078 est
348 1020 473 1078 ducibus
501 1024 606 1094 resque
636 1019 740 1077 multis
770 1019 913 1076 memorie
942 1019 1045 1094 dignes
1078 1022 1175 1095 gessit.

170 1124 229 1184 Sed
252 1143 289 1184 ex
305 1132 347 1184 eis
371 1127 468 1185 ehicet
493 1126 621 1183 maixime
645 1125 797 1182 inventum
821 1125 882 1181 eius
907 1125 937 1181 in
958 1126 1072 1199 proelie
1094 1127 1177 1200 quod

170 1231 250 1306 apud
271 1231 391 1290 Thebes
413 1231 497 1303 fecit,
519 1249 588 1288 cum
610 1233 729 1289 Boeetis
751 1229 881 1288 subsidii)
902 1231 1039 1289 venisset.
1083 1233 1177 1290 Nam·

136 1355 228 1412 sque
272 1342 303 1399 in
343 1348 380 1401 ee
423 1346 545 1403 victerie
588 1346 703 1403 fidente
748 1343 865 1400 summe
907 1337 984 1395 duce
1027 1339 1181 1414 Agesilee,

169 1443 273 1519 sugetis
304 1443 363 1500 iam
394 1443 432 1500 ab
464 1447 501 1500 ee
536 1441 729 1499 conducticiis
765 1447 896 1512 catervis,
925 1442 1067 1516 reliquam
1102 1443 1177 1517 pha-

65 1627 68 1633 ,
169 1550 285 1625 langem
307 1549 374 1606 loce
395 1548 487 1606 vetuit
508 1549 614 1605 cedere
637 1547 805 1620 obnixeque
827 1551 904 1620 gene
925 1551 1019 1619 scete,
1041 1549 1179 1622 preiecte

168 1653 252 1712 haste
276 1655 420 1729 impetum
443 1653 580 1728 excipere
603 1653 731 1710 hostiurn
753 1652 863 1710 docuit.
907 1652 944 1710 Id
965 1671 1073 1710 novum
1096 1657 1176 1730 Age·

120 1770 122 1772 ’
168 1760 254 1818 silens
282 1765 426 1819 contuens
454 1761 594 1835 pregredi
620 1764 681 1817 nen
710 1769 753 1817 est
777 1777 863 1816 ausus
889 1764 1017 1833 suesque
1042 1760 1101 1817 iarn
1132 1762 1176 1820 in-

120 1887 146 1918 10
168 1871 318 1923 currentes
346 1867 418 1925 tube
448 1867 604 1924 revocevit.
661 1867 732 1923 Hec
760 1883 853 1939 usque
885 1870 922 1922 ee
954 1870 1017 1922 tete
1047 1867 1178 1926 Graecie

168 1972 251 2029 ferne
278 1972 459 2030 celebretum
484 1983 537 2043 est,
562 1982 594 2028 ut
619 1972 668 2029 ille
693 1976 770 2029 statii
796 1971 939 2030 Chabries
964 1972 1020 2030 sibi
1044 1983 1175 2032 statuam

168 2078 231 2135 fieri
257 2078 389 2149 voluerit,
418 2096 494 2152 quae
522 2077 695 2152 pribiiceei
723 2079 761 2134 ab
789 2078 1016 2136 Atheniensibus
1033 2066 1075 2135 'in
1107 2080 1173 2138 fore

167 2185 326 2241 censtituta
355 2194 407 2241 est.
465 2185 511 2240 Ex
538 2188 598 2258 que
630 2183 739 2240 factum
770 2193 814 2240 est
845 2194 876 2240 ut
908 2189 1012 2258 postee
1042 2185 1173 2243 athletae

167 2293 316 2363 ceterique
348 2289 476 2347 artifices
501 2295 541 2347 eis
572 2290 693 2347 statibus
724 2289 755 2344 in
790 2295 891 2346 statuis
926 2288 1072 2364 penendis
1108 2295 1171 2349 ete-

118 2417 142 2463 ¹5
166 2407 275 2466 rentur,
297 2396 402 2470 quibus
422 2396 575 2452 victeriam
597 2404 695 2452 essent
716 2394 826 2468 adepti.

207 2503 249 2558 II.
278 2501 420 2560 Chabries
452 2510 552 2557 autern
588 2501 679 2557 multa
713 2501 743 2557 in
779 2502 900 2574 Eurepe
934 2501 1010 2560 bella
1044 2501 1170 2559 admini-

165 2607 274 2679 strent,
303 2625 372 2664 curn
404 2606 464 2664 dux
495 2607 718 2664 Atheniensium
751 2616 828 2663 esset
839 2627 847 2677 3
883 2607 913 2663 in
948 2609 1084 2682 Aegypte
1119 2613 1171 2666 sue

165 2723 271 2787 sponte
299 2714 396 2789 gessit.
440 2714 518 2769 Nam
548 2711 737 2770 Nectenebin
765 2712 899 2770 adititum
928 2713 1077 2786 profectus
1105 2718 1168 2788 reg-

164 2837 236 2876 num
264 2825 291 2877 ei
322 2818 482 2876 censtituit.
540 2818 623 2875 Fecit
655 2817 736 2875 idem
768 2818 867 2892 Cypri,
896 2817 948 2876 sed
981 2818 1099 2892 pebiice
1131 2819 1170 2877 ab

115 2947 142 2978 20
165 2925 391 2984 Atheniensibus
421 2925 574 2998 Euagorae
602 2922 718 2981 adietor
746 2923 842 2995 datuS,
865 2942 962 2997 neque
990 2924 1070 2998 prius
1099 2924 1169 2982 inde

165 3031 308 3102 discessit,
332 3049 421 3104 quam
450 3035 543 3087 tetam
570 3030 694 3087 insulam
721 3029 800 3087 belle
825 3029 994 3087 devinceret
1005 3051 1013 3102 3
1046 3035 1104 3104 que
1133 3048 1169 3089 ex

165 3141 196 3195 re
224 3137 418 3194 Athenienses
455 3142 590 3210 megnam
625 3135 748 3209 gleriam
780 3146 846 3192 sunt
877 3135 987 3209 adepti.
1044 3137 1167 3194 Interim

164 3242 274 3301 bellum
302 3243 378 3299 inter
404 3242 566 3316 Aegypties
595 3251 625 3298 et
655 3243 757 3298 Perses
786 3241 946 3298 cenfletum
975 3251 1028 3299 est.
1076 3242 1167 3300 Athe·

164 3349 281 3406 nienses
317 3366 384 3405 cuni
418 3349 578 3404 Artaxerxe
616 3347 787 3404 societetem
820 3346 978 3416 habebant,
1016 3347 1166 3405 Lacedae-

113 3476 140 3523 25
164 3455 256 3512 monii
276 3472 344 3511 cum
366 3453 526 3527 Aegyptiis,
548 3459 566 3509 e
586 3453 692 3526 quibus
718 3451 984 3527 megnespraedes
1005 3454 1165 3526 Agesileus‚

163 3565 215 3618 rex
243 3565 353 3629 cerum,
383 3558 519 3617 faciebat.
576 3558 612 3615 Id
645 3559 760 3615 intuens
792 3557 943 3628 Chabries‚
973 3576 1042 3614 cum
1075 3560 1105 3616 in
1136 3563 1167 3616 re

163 3666 242 3724 mille
276 3664 410 3740 Agesilee
446 3664 576 3735 cederet,
611 3670 663 3721 sue
697 3673 804 3738 sponte
840 3668 892 3721 ees
928 3662 1063 3721 adiutum
1100 3682 1165 3740 pro·

625 3797 657 3850 54
