2574 4146
117 266 139 322 6
411 271 582 322 CORNELII
605 273 753 324 NEPOTIS
775 275 883 324 VITAE
1136 276 1174 344 [v.

168 447 308 527 Q
325 443 464 501 auxilium
493 463 638 519 nusquam
662 446 718 504 nisi
747 453 764 504 a
792 447 1037 508 Lacedaemoniis
1063 457 1174 525 petive-

170 559 238 607 runt
266 548 514 624 Phidippumque,
540 557 690 608 curserem
720 553 782 610 eius
809 554 934 628 generis,
960 562 1011 628 qui
1039 557 1175 615 hemero-

169 655 294 712 dromoe
322 665 473 728 vocantur,
500 646 760 715 Lacedaemonem
789 663 938 732 miserunt,
966 671 999 719 ut
1027 663 1176 722 mintieret

168 779 258 835 quarn
286 761 441 820 celerrime
470 780 544 837 opus
573 781 637 820 esse
666 764 782 821 auxilie.
825 766 916 822 Domi
944 775 1043 847 autern
1071 765 1175 827 creant

140 866 276 936 5decem
303 873 463 943 praetores,
489 876 540 943 qui
568 869 710 927 exercitui
737 880 916 944 praeessent,
942 872 973 929 in
994 879 1036 930 eis
1065 872 1175 932 Miltia·

168 973 238 1031 dem
249 994 258 1046 ;
286 975 363 1032 inter
390 980 464 1049 ques
493 981 599 1050 megna
624 975 678 1032 fuit
706 977 867 1048 contende,
893 988 990 1035 utrum
1019 981 1175 1038 moenibus

169 1083 200 1136 se
228 1078 425 1138 defenderent
462 1099 500 1137 an
533 1081 652 1140 obviam
686 1087 762 1138 irent
796 1082 928 1140 hostibus
962 1084 1087 1159 acieque
1123 1085 1175 1144 de-

160 1196 333 1244 -cemerent
388 1173 472 1245 Unus
504 1186 655 1245 Miltiades
686 1189 815 1245 maixime
844 1189 992 1246 nitebetur
1019 1200 1051 1248 ut
1079 1171 1175 1266 prime

169 1297 287 1365 quoque
316 1301 452 1366 tempore
480 1302 576 1350 castra
603 1293 726 1351 fierent:
762 1293 794 1351 id
824 1301 848 1350 si
882 1295 992 1352 factum
1028 1307 1116 1369 esset,
1146 1307 1175 1356 et

120 1424 146 1454 10
168 1398 279 1456 civibus
303 1399 433 1455 animum
455 1405 652 1485 accessurum,
673 1418 743 1457 cum
765 1399 900 1459 viderent
924 1400 964 1459 de
989 1407 1093 1461 eorum
1119 1405 1173 1462 vir-

168 1509 230 1562 tute
252 1508 313 1562 nen
338 1504 494 1578 desperairi,
518 1516 547 1562 et
572 1505 671 1563 hostes
696 1504 802 1563 eedem
827 1511 858 1564 re
883 1506 945 1564 fore
974 1509 1129 1581 tardiereS‚
1151 1517 1175 1568 si

167 1609 436 1668 animadverterent
466 1611 569 1668 auderi
600 1610 739 1669 adversus
773 1616 805 1669 se
840 1622 900 1670 tam
933 1614 1045 1689 exiguis
1079 1616 1174 1690 cepiis

167 1715 310 1774 dimicari.

206 1824 243 1880 V.
273 1824 344 1880 Hec
365 1823 552 1896 intempore
573 1823 652 1880 nulla
676 1823 776 1881 civitais
805 1823 1034 1883 Atheniensibus
1063 1827 1172 1885 auxilie

118 1951 142 1997 ις
166 1928 221 1985 fuit
242 1938 360 2002 praeter
384 1929 590 2001 Plataeenses;
623 1947 659 1987 ea
681 1929 759 1986 mille
785 1929 862 1987 misit
887 1930 1021 1988 militum.
1065 1932 1172 2006 Itaque

167 2034 272 2091 herum
301 2034 430 2092 adventu
458 2033 565 2092 decem
594 2035 673 2091 milia
701 2040 878 2092 armatorum
913 2036 1063 2111 completa
1095 2048 1171 2110 sunt,

166 2158 243 2214 quae
268 2158 372 2198 manus
394 2141 521 2199 -mirebili
548 2141 689 2215 flagrabat
717 2141 869 2215 prignandi
896 2141 1058 2216 cupiditete
1069 2163 1078 2214 ;
1111 2148 1172 2218 que

167 2246 276 2303 factum
298 2255 343 2303 est
363 2247 476 2320 utplus
497 2264 587 2320 quam
609 2245 751 2321 conlegae
774 2246 925 2305 Miltiades
946 2248 1065 2314 valeret.

207 2334 279 2409 Eius
308 2357 378 2426 erge
406 2351 579 2409 auctoritate
615 2351 753 2427 ileSL,
767 2333 964 2417 Athenienses
998 2354 1099 2428 cepies
1135 2373 1172 2412 ex

115 2481 143 2513 ιο
165 2458 237 2516 urbe
270 2457 435 2515 edrixerunt
463 2459 590 2532 loceque
621 2457 732 2515 idenee
762 2467 857 2516 castra
887 2458 1035 2517 fecerunt.
1091 2461 1172 2518 Dein

164 2569 285 2639 postero
314 2563 363 2621 die
392 2563 445 2621 sub
473 2563 582 2621 mentis
611 2562 758 2621 radicibus
786 2564 851 2622 acie
880 2565 1001 2640 regione
1028 2571 1172 2625 instriicte

164 2676 225 2729 nen
242 2671 611 2745 apertissime-namque
633 2669 752 2728 arbores
774 2671 871 2727 multis
892 2671 963 2728 locis
983 2682 1067 2728 erant
1087 2678 1171 2731 rarae

163 2777 356 2851 —proelium
392 2780 603 2834 commiserunt
637 2776 695 2832 hec
730 2775 863 2846 censilio,
892 2785 924 2833 ut
939 2778 942 2785 '
959 2785 988 2833 et
1023 2778 1171 2836 mentium

164 2882 318 2941 altitudine
342 2891 511 2957 tegerentur
533 2891 563 2939 et
587 2882 725 2939 arborum
749 2886 844 2939 tracte
869 2881 1016 2955 equitetus
1040 2883 1170 2941 hostium

113 3012 138 3060 25
163 2988 363 3063 impediretur,
387 2992 425 3045 ne
449 2986 635 3044 multitidine
657 2985 870 3044 clauderentur.
914 2987 998 3044 Detis
1027 2995 1082 3045 etsi
1108 2994 1170 3047 non

162 3113 290 3169 aequum
318 3095 416 3152 locum
444 3092 565 3150 videbat
593 3098 659 3162 suis,
685 3101 786 3149 tamen
814 3091 904 3149 fretus
932 3098 1057 3150 numere
1085 3095 1169 3169 cepi·

163 3206 246 3257 erum
286 3205 402 3257 suerum
437 3198 595 3273 cenfligere
630 3196 779 3271 cupiebat,
815 3203 910 3272 eeque
945 3198 1038 3273 magis
1076 3199 1168 3273 quod,

162 3306 332 3381 priusquam
357 3303 588 3362 Lacedaemonii
610 3301 742 3362 subsidio
766 3309 906 3373 venirent,
929 3299 1069 3360 dimicere
1095 3305 1168 3363 utile

161 3411 363 3469 arbitrabatur.
415 3411 521 3484 Itaque
544 3408 574 3464 in
595 3408 691 3465 aciem
719 3406 853 3481 peditum
878 3416 1006 3478 centum,
1033 3409 1167 3483 equitum
1192 3397 1198 3471 f

112 3543 139 3589 30
162 3517 269 3574 decem
298 3515 377 3573 milia
407 3513 548 3588 predrixit
582 3512 786 3587 proeliumque
822 3513 977 3570 commisit.
1035 3514 1071 3570 In
1107 3520 1167 3589 que

161 3626 244 3680 tante
267 3621 332 3696 phis
353 3619 459 3677 virtute
487 3619 639 3676 valuerunt
663 3616 868 3687 Athenienses,
891 3627 923 3673 ut
946 3616 1166 3692 decemplicem

160 3744 317 3784 numerum
338 3725 468 3784 hostium
489 3723 680 3799 profligetint,
702 3723 838 3796 adeeque
860 3726 912 3779 ees
937 3728 1165 3797 perterruerunt,
