2574 4146
117 225 178 289 116
407 238 576 288 conumu
599 237 747 287 NEPOTIS
770 237 877 286 vrmn
1100 237 1176 303 [ιιιιι.

203 411 276 468 Huc
303 428 372 468 cum
400 411 488 485 leg'a'ti
515 412 719 468 Romanorum
744 410 892 469 venissent
917 429 952 468 ac
981 411 1174 472 multitudiue

163 514 286 575 domum
315 517 377 574 eius
405 515 678 587 circumdedissent,
703 534 778 591 puer
805 517 844 576 ab
871 517 958 574 ianua
985 518 1174 592 prospiciens

164 622 327 681 Hannibali
365 623 437 681 dixit
474 623 572 697 plures
610 632 728 697 praeter
761 621 1009 680 ebusuetfidinem
1041 630 1174 683 armatos

163 732 315 803 apparete.
358 730 417 803 Qui
438 729 592 803 impetivit
617 735 653 799 ei,
675 738 707 786 ut
729 733 832 786 omnes
858 729 935 786 sores
960 728 1091 787 aedificii
1117 732 1173 789 cir·

128 855 139 903 5
163 840 287 893 cumiret
322 853 357 891 ac
387 839 515 910 propere
546 834 602 893 sibi
636 834 784 892 nuntiaret
823 853 893 891 nurn
929 833 1040 892 eodem
1076 835 1172 894 modo

163 940 295 1015 undique
324 941 518 999 obsideretur.
564 943 641 998 Puer
668 959 736 998 cum
764 940 908 1012 celeriter,
937 940 1010 1014 quid
1038 941 1171 1013 vidisset,

164 1047 358 1105 renuntiasset
378 1051 541 1121 omnesque
563 1047 657 1105 exitus
682 1051 844 1121 occupatos
869 1045 1056 1118 ostendisset,
1079 1047 1172 1105 sensit

164 1151 196 1210 id
223 1157 285 1209 non
313 1152 436 1210 fortuito
465 1152 584 1224 sactum,
613 1151 666 1209 sed
695 1155 727 1209 se
755 1157 817 1227 peti
844 1169 942 1226 neque
974 1151 1029 1211 sibi
1059 1151 1171 1211 diutius

163 1264 253 1315 vitam
283 1276 346 1339 esse
375 1257 571 1316 retinendam.
614 1258 712 1332 Quam
736 1262 775 1315 ne
801 1257 897 1315 alieno
923 1258 1043 1316 arbitrio
1069 1258 1170 1317 dimit-

116 1386 142 1416 ιο
164 1373 249 1435 teret,
271 1342 385 1421 memor
406 1364 592 1439 pristinarum
613 1364 751 1421 virtutum
772 1367 928 1434 venenum,
946 1362 1029 1436 quod
1051 1381 1171 1440 semper

164 1473 266 1527 secum
288 1469 397 1527 habere
419 1474 585 1549 consuerat,
607 1469 741 1543 sumpsit.

204 1576 292 1632 XIII.
320 1575 367 1633 Sic
402 1575 445 1632 vir
475 1574 657 1646 fortissimus,
687 1574 785 1632 multis
816 1573 960 1648 variisque
992 1575 1169 1649 perfunctus

164 1679 322 1750 laboribus,
348 1685 426 1738 anno
451 1679 601 1753 adquievit
626 1679 852 1755 septuagEsimo.
897 1678 1012 1752 Quibus
1040 1680 1168 1738 consuli·

165 1787 219 1844 bus
240 1785 381 1843 interierit
408 1791 469 1842 non
489 1785 637 1844 convenit.
680 1786 818 1859 Namque
840 1785 954 1842 Atticus
976 1786 1021 1842 Μ.
1041 1785 1168 1844 Claudio

115 1914 139 1962 ις
165 1891 307 1949 Marcello
337 1891 375 1964 Q.
399 1891 491 1949 Fabio
520 1891 660 1948 Labeone
689 1891 856 1948 consulibus
881 1899 1029 1948 mortuum
1058 1891 1090 1948 in
1118 1909 1167 1949 an·

164 1997 224 2054 nali
247 2002 301 2054 suo
328 2002 469 2071 scriptum
497 1997 621 2070 reliquit,
644 2006 673 2054 at
702 1996 838 2071 Polybius
864 1996 897 2053 L.
919 1995 1062 2054 Aemilio
1077 1996 1167 2054 Paulo

164 2104 219 2161 Cn.
242 2102 354 2162 Baebio
374 2102 541 2176 Tamphilo,
564 2102 708 2177 Sulpicius
729 2111 828 2159 autem
850 2101 949 2160 Blitho
972 2103 1004 2159 P.
1027 2102 1167 2160 CorneIio

164 2208 299 2283 Cethego
326 2209 368 2266 M.
391 2208 502 2266 Baebio
523 2207 691 2282 Tamphilo.
732 2209 830 2281 Atque
852 2207 900 2265 hic
922 2216 1019 2265 tantus
1039 2208 1083 2264 vir
1104 2219 1166 2264 tau-

164 2321 258 2388 tisque
290 2314 372 2372 bellis
404 2313 551 2371 districtus
574 2320 634 2371 uon
658 2314 729 2371 nihil
756 2315 897 2389 temporis
925 2313 1025 2371 tribuit
1054 2312 1163 2368 litteris.

113 2449 141 2481 ιο
164 2421 301 2495 Namque
325 2419 435 2494 aliquot
458 2419 520 2476 eius
543 2419 607 2477 libri
628 2427 703 2488 sunt,
726 2419 844 2476 Graeco
866 2422 1002 2475 sermone
1027 2417 1165 2487 confecti,

163 2525 249 2584 ineis
273 2526 311 2583 ad
338 2524 472 2583 Rhodios
494 2523 533 2582 de
558 2524 613 2582 Cn.
640 2523 744 2581 Manlii
767 2523 904 2581 Volsonis
929 2523 960 2580 in
984 2522 1056 2580 Asia
1079 2523 1165 2581 ribus

162 2638 260 2706 gestis.
317 2631 414 2688 Huius
445 2630 512 2688 belli
544 2639 626 2704 gesta
657 2629 741 2686 multi
772 2628 932 2687 memoriae
959 2626 1164 2702 prodiderunt,

162 2736 215 2795 sed
244 2756 280 2794 ex
299 2742 340 2794 eis
365 2735 435 2807 dun,
460 2741 511 2809 qui
538 2753 607 2793 cum
632 2740 669 2792 eo
694 2735 725 2792 in
750 2740 850 2792 castris
876 2735 991 2792 suerunt
1019 2733 1165 2808 simulque

162 2847 303 2912 vixerunt,
325 2859 414 2915 quarn
442 2840 494 2898 diu
522 2840 643 2897 fortuna
671 2858 756 2915 passa
784 2849 837 2912 est,
860 2839 973 2898 Silenus
1001 2848 1032 2896 et
1056 2839 1165 2897 Sosilus

112 2976 137 3024 ²5
163 2947 424 3005 Lacedaemonius.
480 2948 578 3020 Atque
609 2946 667 3003 hoc
699 2946 793 3003 Sosild
823 2944 974 3003 Hannibal
1003 2944 1164 3001 litterarum

162 3055 341 3111 Graecarum
362 3057 430 3109 usus
452 3061 496 3109 est
517 3051 651 3110 doctore.

202 3157 260 3217 Sed
285 3162 339 3215 nos
365 3168 481 3232 tempus
506 3167 551 3214 est
573 3157 658 3214 huius
679 3157 744 3215 libri
765 3156 862 3213 facere
884 3155 980 3213 finem
1002 3165 1032 3213 et
1054 3156 1165 3212 Roma-

161 3269 266 3322 norum
295 3264 440 3338 explicare
469 3263 671 3338 imperatores,
700 3266 760 3336 quo
789 3262 901 3319 facilius
932 3261 1055 3318 conlatis
1085 3266 1164 3318 utro·

161 3388 285 3444 rumque
307 3370 399 3439 sactis,
420 3374 472 3443 qui
491 3369 545 3425 viri
565 3366 750 3442 praeferendi
772 3368 830 3425 sint
850 3367 944 3442 possit
964 3365 1096 3423 iudicari.
