2574 4146
443 247 613 301 conunnn
636 249 784 301 NEPOTIS
806 251 913 301 vmnn
1155 254 1211 318 [ιν.

199 427 310 486 effecit.
353 427 430 483 Nam
460 443 528 482 cum
553 423 674 498 quidam
700 441 737 481 ex
757 430 808 496 eiS,
830 430 882 498 qui
906 425 992 482 simul
1017 444 1084 483 cum
1112 432 1151 485 eo
1179 428 1212 485 in

199 533 301 591 exsilio
322 531 446 603 fuerant,
468 529 594 588 caedem
619 531 716 588 facere
741 535 844 587 eorum
865 530 975 588 vellent
1006 549 1075 588 cum
1097 533 1210 606 quibus

198 641 229 698 in
257 638 379 714 gratiam
409 637 537 695 reditum
565 646 627 697 erat
655 636 783 710 publici,
812 636 962 710 prohibuit
994 648 1024 694 et
1053 636 1085 694 id
1122 640 1210 712 quod

199 745 346 820 pollicitus
368 753 429 800 erat
450 742 605 817 praestitit.

162 875 173 922 5
239 851 290 908 IV.
320 849 401 907 Huic
430 853 483 922 pro
513 853 600 905 tantis
632 847 742 904 meritis
774 847 894 905 honoris
925 854 1014 906 causa
1044 854 1159 907 corona
1192 856 1211 908 a

198 955 310 1030 populo
338 954 409 1012 data
436 963 489 1024 est,
518 953 596 1010 facta
626 942 739 1010 duribus
770 953 886 1027 virgulis
917 954 1058 1028 oleaginis
1069 975 1077 1026 ;
1114 972 1209 1028 quam

199 1061 281 1136 quod
306 1079 389 1118 amor
412 1061 521 1116 civium
545 1069 575 1117 et
599 1064 660 1116 non
683 1065 726 1116 vis
750 1069 942 1134 expresserat,
967 1060 1077 1118 millam
1102 1061 1209 1120 habuit

198 1167 339 1225 invidiam
366 1172 530 1241 magnaque
556 1165 610 1222 fuit
634 1165 734 1240 gloria.
776 1167 858 1223 Bene
887 1171 957 1240 ergo
987 1166 1118 1225 Pittacus
1146 1168 1208 1240 ille,

199 1274 300 1348 quiin
321 1283 437 1347 septem
458 1272 624 1346 sapientum
645 1277 769 1329 numero
791 1282 835 1330 est
854 1272 979 1344 habitus,
995 1291 1064 1330 cum
1084 1274 1207 1349 Mytile-

150 1403 176 1434 ιο
199 1385 266 1436 naci
291 1378 382 1436 multa
407 1377 486 1434 milia
506 1377 638 1452 iugerum
659 1383 720 1451 agri
741 1384 769 1434 ei
790 1383 904 1435 mimeri
924 1378 1038 1450 darent,
1061 1382 1079 1409 “
1091 1379 1208 1451 Nolite,

199 1490 252 1543 oro
278 1485 360 1555 vos,’'
388 1483 491 1557 inquit,
522 1482 581 1539 “id
611 1482 681 1538 mihi
711 1482 791 1555 dare,
820 1483 901 1557 quod
930 1484 1014 1541 multi
1040 1483 1207 1555 invideant,

199 1591 296 1665 phiris
321 1590 409 1647 etiam
435 1595 656 1663 concupiscant.
698 1590 766 1662 Qua
787 1594 818 1645 re'
842 1606 878 1644 ex
903 1588 963 1644 istis
985 1588 1055 1644 nolo
1079 1588 1209 1660 amplius

198 1715 288 1771 quam
317 1706 437 1752 centum
466 1695 574 1769 iugera,
603 1712 679 1768 quae
708 1704 738 1750 et
766 1711 864 1750 meam
898 1693 988 1751 animi
1022 1696 1208 1768 aequitatem

199 1812 229 1861 et
253 1812 379 1860 vestram
403 1802 584 1858 voluntatem
609 1800 741 1857 indicent
753 1820 760 1869 ;
789 1817 858 1856 nam
883 1816 973 1873 parva
995 1805 1117 1858 munera
1138 1801 1206 1860 diu-

151 1927 175 1974 ις
199 1909 268 1979 tina,
291 1907 449 1980 locupletia
470 1911 531 1962 non
553 1906 672 1980 propria
698 1923 762 1963 esse
787 1907 993 1963 consumuntff’
1037 1907 1093 1964 illa
1118 1907 1209 1981 igitur

199 2019 310 2071 corona
339 2022 496 2069 contentus
527 2012 727 2086 Thrasybulus
762 2029 858 2085 neque
894 2012 1019 2085 amplius
1054 2014 1208 2086 requisivit

199 2138 296 2194 neque
318 2135 497 2192 quemquam
518 2116 630 2183 honore
653 2122 683 2174 se
704 2118 894 2174 antecessisse
916 2118 1099 2176 existimavit.
1143 2120 1207 2176 Hic

199 2230 335 2299 sequenti
359 2233 504 2298 tempore,
526 2241 594 2279 cum
623 2232 741 2296 praetor
770 2223 893 2279 classem
922 2222 960 2280 ad
990 2223 1125 2280 Ciliciam
1150 2243 1205 2299 ap-

200 2332 320 2406 pulisset
347 2348 445 2404 neque
473 2330 542 2387 satis
573 2329 728 2404 diligenter
759 2328 787 2384 in
821 2335 921 2384 castris
953 2329 1015 2385 eius
1047 2340 1207 2404 agerentur

149 2461 177 2491 20
199 2438 323 2512 vigiliae,
353 2442 371 2493 a
397 2437 526 2494 barbaris
555 2453 592 2492 ex
620 2433 733 2508 oppido
761 2439 851 2491 noctu
882 2434 1035 2507 {ruptione
1065 2433 1143 2491 facti
1174 2436 1206 2492 in

200 2542 389 2601 tabernaculo
410 2541 581 2597 interfectus
604 2551 656 2596 est.
