2574 4146
114 247 163 308 62‘
407 257 575 307 cornuin
598 258 746 308 NEPOTIS
769 259 876 308 virnu
1134 261 1174 325 [v.

166 433 304 504 Namque
329 429 424 504 Aspis,
450 430 607 487 saltuasam
633 430 784 504 regianem
813 431 997 505 castellisque
1028 439 1176 492 mimitam

164 537 306 606 incolans,
328 541 389 593 nan
410 536 504 593 salum
526 537 651 610 imperia
672 538 748 611 ragis
769 542 828 595 nan
851 539 983 612 parabat,
1004 539 1058 596 scd
1081 541 1175 598 etiam

165 643 308 700 finitimas
336 642 471 717 regianas
498 642 624 699 vaxabat
652 652 682 699 et
709 661 785 716 quae
815 648 877 718 ragi
904 650 1091 718 portarentur
1122 648 1175 705 ab·

164 749 299 822 ripiabat.
341 749 483 804 Datamas
509 754 563 804 etsi
589 747 676 822 longa
702 748 803 805 aberat
828 751 925 808 abeis
950 751 1122 824 regianibus
1145 764 1175 810 et

129 876 139 923 ς
164 860 181 911 a
206 854 316 911 maiare
341 857 373 910 ra
397 852 628 924 abstrahabatur,
654 863 755 910 tamen
779 855 856 928 ragis
884 855 1025 913 voluntati
1056 863 1175 915 marem

163 958 328 1035 gerendum
350 958 470 1032 putavit.
506 960 618 1032 ¹Itaque
644 977 713 1016 cum
738 967 848 1034 paucis,
871 959 925 1017 sed
949 961 1017 1018 viris
1046 962 1174 1021 fortibus

164 1072 270 1123 navem
305 1063 489 1134 canscendit,
521 1064 698 1135 existimans,
727 1065 808 1139 quod
843 1065 961 1138 accidit,
990 1067 1105 1125 facilius
1143 1075 1174 1127 sa

164 1170 383 1246 impradentem
420 1176 509 1244 parva
543 1174 632 1228 mana
666 1176 875 1245 oppressarum
910 1190 999 1246 quam
1034 1180 1173 1247 paratum

164 1284 297 1352 quamvis
318 1281 425 1351 magna
447 1276 584 1332 exercitii.
630 1277 698 1333 Hac
719 1276 833 1334 dalatus
855 1277 885 1333 in
907 1277 1052 1351 Ciliciam,
1073 1283 1172 1354 agres-

116 1412 142 1443 io
165 1402 212 1441 sus
250 1382 330 1454 inde,
359 1381 423 1440 dias
460 1386 623 1455 noctasque
656 1382 712 1440 iter
747 1382 857 1440 facians
892 1384 1022 1440 Taurum
1057 1385 1174 1444 transiit

165 1495 261 1564 eaque
300 1488 359 1563 qua
394 1486 546 1544 studuerat
580 1488 669 1544 vanit.
726 1487 849 1560 Quaerit
884 1488 990 1562 quibus
1025 1488 1099 1548 locis
1137 1492 1174 1549 sit

165 1595 250 1669 Aspis
261 1615 270 1667 ;
305 1593 459 1667 cagnascit
487 1592 566 1650 haud
594 1593 682 1667 longa
713 1594 816 1651 abesse
848 1593 1075 1668 profectumque
1109 1606 1173 1654 tum

164 1705 312 1759 vanatum.
369 1699 467 1772 Quem
499 1697 570 1755 dum
602 1699 776 1772 speculatur,
805 1698 951 1758 adventas
983 1700 1045 1758 aius
1081 1719 1174 1760 causa

164 1806 360 1881 cagnascitur.
417 1804 528 1861 Pisidas
562 1823 630 1860 cum
654 1811 696 1862 eis
727 1810 801 1878 quas
833 1810 936 1863 sacum
970 1806 1102 1865 hababat
1134 1809 1174 1867 ad

115 1937 139 1983 ις
164 1910 360 1970 resistendum
389 1910 476 1984 Aspis
504 1919 666 1984 comparat.
723 1909 759 1967 Id
793 1911 935 1969 Datamas
965 1911 1016 1969 ubi
1048 1912 1173 1986 audivit,

164 2037 244 2075 arma
272 2017 370 2090 sumit,
399 2021 467 2073 suas
496 2022 579 2090 sequi
612 2015 713 2088 iubet,
748 2015 812 2089 ipse
841 2021 919 2090 equa
947 2017 1109 2080 concitata.
1133 2020 1173 2078 ad

164 2125 278 2181 hostem
306 2122 429 2180 vehitur.
483 2121 580 2194 Quem
608 2120 712 2195 procul
740 2122 825 2195 Aspis
853 2122 1041 2196 canspicians
1070 2123 1111 2181 ad
1140 2131 1173 2183 εδ

164 2230 307 2287 ferentem
332 2227 515 2303 pertimescit
539 2237 628 2300 atque
652 2232 670 2284 a
694 2231 803 2284 cauata
829 2227 983 2285 resistendi
1011 2227 1173 2288 daterritus

163 2340 227 2393 εδεὲ
255 2333 380 2392 dadidit.
423 2334 515 2389 Hunc
543 2334 685 2392 Datamas
710 2332 842 2390 vinctum
867 2332 906 2390 ad
931 2337 1032 2409 ragem
1057 2333 1171 2394 dircen-

112 2467 141 2499 ιο
163 2442 235 2499 dum
256 2438 345 2497 tradit
367 2438 540 2496 Mithridati.

202 2547 239 2603 V.
266 2547 352 2602 Haec
394 2544 465 2601 dum
507 2553 655 2618 geruntur,
697 2546 872 2601 Artaxerxas
913 2543 1106 2603 reminiscaris
1155 2553 1173 2604 a

163 2657 274 2727 quanta
305 2650 383 2709 bella
414 2648 453 2706 ad
485 2667 575 2723 quam
606 2667 727 2723 parvam
762 2668 825 2706 rem
857 2650 1022 2724 principem
1057 2650 1172 2709 ducum

164 2758 297 2828 misisset,
325 2761 357 2814 εδ
389 2755 452 2829 ipse
485 2753 676 2829 reprehendit
707 2764 737 2812 et
767 2755 903 2841 nantium
935 2755 974 2813 ad
1006 2758 1171 2816 exercitum

162 2866 246 2921 Aean
274 2862 360 2932 misit,
390 2860 472 2935 quod
499 2860 632 2918 nandum
663 2861 811 2918 Dataman
840 2862 1005 2935 proiectum
1034 2864 1171 2937 putabat,

112 2997 138 3044 ²5
162 2977 213 3044 qui
240 2969 353 3026 diceret
381 2971 419 3024 ne
447 2965 485 3024 ab
513 2967 644 3023 exercitii
671 2964 847 3024 discaderet.
904 2969 964 3024 Hic
997 2968 1171 3044 priusquam

163 3080 329 3150 perveniret
360 3076 419 3145 qua
454 3080 516 3128 erat
551 3071 710 3145 proiectus,
739 3072 768 3129 in
803 3072 907 3130 itinere
941 3074 1091 3146 convanit,
1120 3082 1172 3150 qui

163 3181 265 3256 Aspim
294 3177 453 3235 dicabant.
512 3176 580 3249 Qua
603 3176 751 3234 celeritate
776 3195 845 3234 cum
873 3183 1010 3253 magnam
1039 3179 1170 3238 benevo-

163 3285 284 3344 lentiam
315 3283 390 3358 ragis
423 3283 564 3340 Datamas
600 3286 776 3339 cansecritus
811 3293 897 3354 esset,
926 3289 987 3341 nan
1022 3284 1170 3343 minarem

163 3391 303 3449 invidiam
324 3388 487 3446 aulicarum
509 3388 635 3462 excepit,
651 3386 731 3462 quod
753 3387 833 3445 illum
855 3394 947 3446 imum
967 3389 1058 3464 phiris
1079 3409 1170 3466 quam

113 3529 141 3574 30
163 3503 195 3556 εδ
223 3501 326 3555 omnas
354 3495 418 3551 fieri
444 3493 593 3551 vidabant.
637 3493 706 3566 Qua
731 3493 810 3552 sacti)
835 3499 934 3552 cancti
957 3495 996 3552 ad
1020 3514 1091 3554 eum
1117 3516 1170 3573 op-

164 3601 352 3679 primendum
376 3604 598 3657 cansansarunt.
641 3574 728 3656 Hae'c
754 3599 931 3672 Pandantas,
951 3620 1040 3676 gazae
1069 3610 1172 3664 custas

164 3711 270 3786 ragiae,
302 3713 413 3766 amicus
448 3706 577 3778 Datami,
609 3711 772 3790 perscripta
806 3713 834 3775 ei
868 3707 966 3788 mittit,
996 3708 1026 3774 in
1061 3711 1171 3793 quibus
