2574 4146
121 273 182 335 104
409 264 579 314 CORNELII
601 264 750 314 NEPOTIS
773 265 880 314 VITAE
1121 266 1173 331 [111.

166 426 315 515 Epirotos,
341 437 477 513 Pyrrhus,
501 445 553 513 qui
577 457 646 496 cum
670 439 783 514 populo
808 440 946 497 Romono
974 440 1102 499 bellovit
1145 442 1173 499 Is

167 564 235 603 cum
264 548 359 620 Argos
387 543 531 620 oppidum
561 550 746 620 oppugnaret
774 545 805 602 in
833 546 1049 620 Peloponnoso,
1076 547 1173 622 lapide

166 653 242 710 ictus
266 650 385 710 interiit.
427 637 512 710 Unus
537 651 609 709 item
634 651 756 722 Siculus,
780 651 938 726 Dionysius
963 653 1052 726 prior.
1096 654 1173 710 Nam

168 768 197 817 et
222 762 311 816 mano
332 757 415 816 sortis
438 768 469 815 et
490 757 560 816 belli
580 763 690 831 peritus
712 757 765 814 fuit
786 766 825 829 et,
840 757 872 816 id
894 756 976 833 quod
997 758 1027 815 in
1049 764 1173 832 tyranno

131 884 142 933 ς
166 869 227 922 non
255 863 340 922 facile
355 847 521 938 reperitur,
549 862 672 921 minimo
700 861 882 935 libidinosus,
911 868 972 921 non
1000 864 1172 934 loxuriosus,

167 975 227 1028 non
249 975 360 1041 avorus,
374 969 479 1027 nullius
501 967 630 1043 donique
652 975 695 1027 rei
716 967 841 1044 cupidus
862 969 918 1027 nisi
937 969 1089 1044 singularis
1109 987 1172 1044 per-

167 1082 307 1150 petuique
332 1076 449 1150 imperii
473 1076 513 1134 ob
539 1092 664 1149 eamque
690 1093 753 1132 rem
779 1074 925 1148 crodolis5
955 1092 1025 1133 nam
1046 1074 1120 1133 dum
1143 1075 1173 1132 id

168 1181 279 1240 studuit
301 1186 422 1252 munire,
440 1181 545 1238 millius
567 1180 702 1256 pepercit
722 1186 809 1252 vitae,
825 1198 915 1254 quem
937 1181 999 1238 oius
1020 1181 1171 1240 insidiato·

167 1305 230 1345 rem
252 1293 375 1362 putoret.
419 1287 480 1344 Hic
501 1304 570 1343 cum
590 1287 696 1344 virtute
719 1286 905 1360 tyrannidem
926 1286 982 1345 sibi
999 1288 1172 1362 peperisset,

119 1419 145 1450 ιο
169 1398 273 1467 mogno
304 1393 423 1450 retinuit
455 1392 620 1464 solicitote3
660 1384 754 1450 mitior
785 1392 865 1450 enim
896 1397 989 1450 annos
1022 1393 1173 1468 sexiginto

167 1505 251 1557 notus
273 1498 400 1557 decessit
422 1498 547 1556 florente
568 1502 667 1572 regno.
711 1499 818 1573 Neque
839 1498 870 1556 in
887 1508 948 1555 tam
970 1499 1068 1557 multis
1090 1505 1172 1556 annis

167 1607 339 1680 cuiusquam
364 1623 400 1662 ex
426 1610 477 1662 sua
499 1605 588 1679 stirpe
611 1604 700 1662 sonus
725 1604 807 1676 vidit,
831 1622 900 1662 cum
926 1622 963 1662 ex
986 1605 1079 1663 tribus
1101 1611 1170 1664 uxo·

167 1712 247 1771 ribus
267 1711 374 1769 liberos
396 1716 581 1785 procreosset
602 1711 744 1784 multique
766 1716 793 1768 ei
814 1715 876 1768 noti
897 1721 995 1769 essent
1016 1716 1151 1786 nepotos.

208 1819 267 1875 ΙΙΙ.
297 1818 321 1874 F
323 1821 426 1874 norunt
449 1822 602 1891 praetereo
626 1821 724 1891 mogni
748 1821 831 1891 rogos
857 1835 893 1873 ex
918 1822 1020 1875 amicis
1045 1818 1170 1876 Alexan-

118 1944 142 1991 ¹5
166 1923 212 1981 dri
237 1924 347 1998 Mogni,
369 1929 420 1996 qui
443 1932 511 1996 post
536 1922 649 1980 obitum
675 1922 737 1979 oius
762 1922 886 1997 imperia
910 1926 1063 1997 coporuut,
1086 1925 1171 1980 ineis

166 2028 329 2103 Antigonus
351 2038 381 2086 et
401 2027 486 2085 holus
507 2027 588 2085 filius
611 2027 789 2100 Demetrius,
805 2028 1005 2102 Lysimachus
1022 2029 1170 2102 Seleucus,

167 2134 361 2192 Ptolemaeus.
405 2135 451 2190 Ex
479 2133 523 2190 his
547 2133 711 2207 Antigonus
736 2133 767 2190 in
791 2133 915 2209 proelio,
937 2152 1007 2191 cum
1031 2134 1170 2193 adversus

166 2240 321 2298 Seleucum
353 2249 383 2296 et
415 2238 622 2313 Lysimachum
653 2237 817 2311 dimicoret,
846 2245 960 2298 occisus
996 2251 1050 2298 est.
1107 2243 1172 2299 Pari

112 2338 114 2342 ’
165 2345 226 2403 loto
250 2344 383 2403 adlectus
407 2354 451 2402 est
476 2344 667 2419 Lysimachus
693 2344 732 2404 ab
753 2344 876 2402 Seleuco
887 2366 895 2417 ;
924 2362 1053 2420 namque
1077 2347 1169 2405 socie-

114 2476 143 2508 ιο
165 2457 225 2509 tote
254 2451 395 2509 dissoluto
422 2450 532 2508 bellum
559 2451 636 2508 inter
664 2455 696 2507 so
723 2455 885 2525 gessorunt.
926 2453 966 2508 At
990 2452 1170 2524 Domotrius,

165 2575 233 2614 cum
255 2557 351 2614 liliam
373 2574 454 2613 suam
477 2556 601 2614 Seleuco
623 2556 654 2612 in
678 2556 896 2613 motrimonium
918 2555 1051 2616 dedisset
1072 2577 1169 2634 neque

165 2668 202 2720 eo
223 2664 314 2738 magis
336 2660 403 2719 fida
424 2662 501 2718 inter
521 2666 574 2719 eos
594 2661 723 2719 amicitia
744 2665 863 2720 manore
888 2663 1043 2736 potuisset,
1066 2675 1169 2739 captus

164 2768 242 2827 bello
261 2769 292 2825 in
314 2767 449 2826 custodio
470 2785 555 2825 socer
575 2773 677 2841 generi
698 2767 785 2841 periit
807 2768 956 2827 {morbo
1001 2769 1110 2843 Neque
1130 2770 1171 2827 ita

164 2875 257 2933 multo
276 2885 343 2950 post
362 2874 501 2933 Seleucus
520 2879 538 2931 a
556 2873 728 2931 Ptolemaeo
748 2873 885 2932 Cerauno
904 2872 975 2932 dolo
997 2874 1168 2934 interfectus

112 3007 139 3054 ²5
164 2991 217 3052 est,
245 2999 335 3055 quem
363 2980 412 3037 ille
444 2985 462 3036 o
492 2989 574 3053 patre
608 2979 762 3054 expulsum
792 2978 978 3038 Alexandroo
1008 2981 1168 3039 alienorum

163 3104 255 3162 opum
291 3086 474 3160 indigentem
511 3089 672 3159 receperat.
729 3085 798 3158 Ipse
834 3096 933 3144 autem
970 3086 1166 3158 Ptolemaeus,

163 3210 232 3249 cum
262 3198 342 3249 vivus
374 3191 439 3248 silio
470 3178 592 3264 rognum
621 3188 799 3261 tradidisset,
828 3191 866 3249 ab
894 3190 943 3248 illo
971 3191 1082 3250 eodem
1111 3197 1168 3251 vita

162 3303 290 3373 privotus
312 3296 424 3355 dicitur.

204 3404 251 3461 Do
272 3404 377 3477 quibus
398 3401 540 3476 quoniam
566 3402 635 3460 satis
660 3401 773 3460 dictum
799 3408 943 3477 putomus
965 3407 1027 3461 non
1052 3403 1163 3463 incom-

112 3530 140 3575 30
162 3509 285 3568 modum
316 3509 433 3567 vidotur
466 3513 527 3565 non
559 3515 716 3583 praeterire
749 3509 952 3566 Hamilcarem
985 3519 1015 3567 et
1051 3510 1162 3568 Hanni-

161 3616 269 3686 balem,
290 3619 365 3689 quos
390 3623 420 3670 et
441 3614 532 3670 animi
554 3613 754 3688 mognitodine
777 3624 807 3671 et
828 3612 987 3672 calliditote
1010 3621 1115 3675 omnos
1135 3616 1163 3673 in

161 3707 260 3778 Africo
280 3725 364 3778 natos
386 3719 564 3794 praestitisse
586 3725 710 3777 constat.
