2574 4146
112 279 152 344 v.]
555 279 722 330 suunuus
1127 268 1170 348 89

113 458 166 528 pre
191 452 320 511 hominis
348 452 490 527 dignitete
514 457 628 527 preque
657 453 778 527 pristine
800 453 1117 526 amicitie-namque

113 559 161 617 ille
185 565 255 617 esus
281 569 343 617 erat
367 559 535 617 Alexandre
559 564 625 616 vive
649 559 986 633 [amilieriter—ample
1011 559 1117 616 seuere

114 665 216 723 extulit
250 682 376 739 ossaque
410 665 441 722 in
477 664 688 722 Macedoniarn
726 669 809 723 uxeri
846 664 909 722 eius
946 683 982 722 ac
1020 664 1117 722 liberis

113 768 232 829 remisit.

150 878 186 934 V.
217 877 305 933 Haec
329 876 400 935 dum
426 875 507 951 apud
532 876 762 950 Hellespontum
787 887 936 950 geruntur,
959 874 1116 933 Perdicces
1140 898 1150 945 5

112 981 191 1055 apud
221 982 321 1038 Nilum
338 981 463 1039 'flemen
493 981 666 1039 interficitur
696 987 714 1039 e
742 982 867 1039 Seleuce
899 992 929 1039 et
960 982 1115 1056 Antigene,

112 1091 268 1161 rerumque
293 1105 409 1145 summa
433 1086 471 1144 ad
496 1087 682 1162 Antipatrum
707 1086 845 1145 defertur.
889 1089 949 1145 Hic
977 1093 1028 1161 qui
1055 1092 1116 1144 nen

113 1194 311 1264 deseruerant,
340 1193 470 1251 exercite
498 1193 665 1268 suffregium
698 1192 820 1266 ferente,
842 1194 947 1267 capitis
978 1194 1115 1252 absentes

113 1298 298 1369 damnantur,
326 1299 357 1356 in
392 1305 433 1356 eis
466 1300 624 1357 Eumenes
681 1301 749 1356 Hec
777 1300 825 1357 ille
852 1299 1002 1374 perculsus
1030 1299 1115 1374 plege

112 1409 171 1462 nen
191 1404 348 1463 succubuit
368 1422 465 1479 neque
487 1409 524 1462 ee
545 1405 634 1463 setius
658 1405 767 1463 bellum
793 1403 1013 1462 administrevit.
1056 1404 1114 1462 Sed
1139 1432 1164 1462 10

114 1511 200 1569 exiles
229 1515 276 1568 res
304 1509 395 1567 animi
422 1510 665 1584 megnitedinem,
694 1517 749 1567 etsi
777 1515 836 1568 nen
864 1510 1045 1584 frangebant,
1071 1520 1112 1568 ta·

114 1634 179 1673 men
205 1616 388 1675 minuebant.
431 1617 521 1673 Hunc
546 1620 727 1690 persequens
747 1617 920 1690 Antigonus,
942 1634 1011 1673 cum
1032 1623 1115 1674 omni

114 1740 217 1796 genere
239 1705 392 1796 cepier‘um
413 1721 586 1792 abunderet,
608 1739 697 1796 saepe
718 1722 749 1778 in
769 1721 921 1779 itineribus
946 1722 1113 1794 vexebetur,

114 1844 207 1902 neque
228 1845 371 1902 umquam
391 1825 430 1884 ad
453 1845 572 1884 manum
594 1826 738 1884 accedere
764 1827 871 1885 licebat
889 1826 945 1884 nisi
975 1833 1015 1883 eis
1043 1827 1114 1886 locis

115 1935 215 2006 quibus
241 1939 330 2007 pauci
354 1932 451 1990 multis
476 1943 597 2006 possent
618 1932 762 1990 resistere.
805 1932 863 1990 Sed
886 1937 1018 1990 extreme
1040 1943 1112 1989 tem·
1138 1956 1162 2002 ¹5

115 2057 191 2112 pore,
216 2057 287 2096 curn
312 2039 436 2096 censilie
462 2044 530 2112 capi
551 2043 612 2095 nen
634 2049 743 2113 posset,
765 2039 953 2096 multitedine
978 2039 1112 2095 circumi-

115 2154 154 2202 tus
176 2155 232 2202 est.
287 2145 367 2201 Hinc
394 2154 494 2201 tamen
520 2144 615 2201 multis
641 2150 698 2201 suis
722 2150 833 2202 emissis
858 2149 890 2201 se
915 2145 1064 2219 expedivit
1085 2154 1114 2202 et

114 2249 139 2306 in
169 2250 324 2308 castellum
358 2250 510 2325 Phrygiae,
539 2251 620 2324 quod
654 2250 736 2307 Nera
766 2252 937 2325 appelletur,
966 2251 1113 2325 cenfegit.

116 2355 144 2412 ln
171 2362 234 2431 que
263 2374 332 2412 cum
360 2355 627 2413 circumsederetur
655 2366 684 2414 et
711 2360 860 2413 vereretur
888 2360 925 2413 ne
955 2362 1015 2414 ene
1046 2358 1114 2414 loce

115 2466 232 2519 manens
253 2465 347 2534 eques
368 2461 507 2518 militeres
528 2460 674 2535 perderet,
697 2460 779 2535 quod
800 2461 927 2535 spatium
951 2468 1012 2519 nen
1037 2475 1114 2520 esset
1137 2487 1164 2517 20

114 2568 248 2642 agitandI,
277 2566 416 2624 callidum
445 2567 498 2625 suit
526 2567 588 2625 eius
616 2567 775 2637 inventum,
805 2585 894 2642 quem
923 2568 961 2626 ad
991 2569 1113 2627 modum

114 2680 184 2732 stens
206 2675 374 2732 iementum
397 2673 566 2731 concalfieri
591 2679 778 2747 exercerique
804 2684 913 2748 posset,
935 2681 995 2748 que
1020 2675 1112 2734 liben-

115 2779 162 2837 tius
182 2790 214 2836 et
237 2779 306 2837 cibe
328 2783 457 2836 eteretur
478 2789 508 2836 et
528 2785 545 2836 e
566 2779 698 2853 corporis
720 2784 803 2837 mete
823 2785 884 2837 nen
906 2787 1113 2839 removeretur.

115 2884 332 2960 Substringebat
354 2896 443 2959 caput
464 2885 527 2942 lere
548 2885 632 2942 altius
656 2903 744 2959 quam
766 2896 798 2944 ut
820 2887 965 2959 prieribus
988 2889 1114 2961 pedibus

115 2992 193 3062 plene
232 3001 340 3048 terram
377 3001 477 3064 posset
512 2991 665 3065 attingere,
693 2990 804 3049 deinde
842 3002 910 3066 post
945 2994 1113 3052 verberibus
1137 3017 1162 3063 ²5

115 3098 235 3170 cegebat
266 3096 410 3153 exsultere
443 3106 473 3154 et
504 3097 600 3153 calces
633 3096 782 3154 remittere
793 3118 802 3170 3
837 3105 888 3172 qui
923 3104 1018 3156 metus
1053 3105 1113 3157 nen

116 3203 202 3260 minus
229 3202 370 3260 sederem
396 3202 573 3274 excutiebat,
594 3220 684 3276 quarn
709 3209 733 3260 si
760 3203 790 3259 in
815 3205 911 3277 spatie
935 3204 1112 3263 decurreret.

117 3305 177 3380 Que
207 3309 318 3366 factum
346 3318 400 3379 est,
429 3307 511 3382 quod
542 3307 679 3365 omnibus
711 3308 843 3367 mirebile
877 3322 921 3367 est
950 3317 1053 3383 visum,
1082 3322 1114 3369 ut

118 3420 203 3488 aeque
225 3413 318 3470 nitida
340 3414 470 3470 iernenta
492 3431 528 3470 ex
549 3413 670 3472 castelle
692 3413 843 3485 edeceret,
858 3434 926 3471 cum
946 3416 1113 3490 compleres

120 3523 225 3577 menses
247 3521 277 3576 in
299 3520 455 3577 obsidiene
477 3519 586 3589 suisset,
602 3537 637 3575 ac
659 3526 683 3576 si
704 3521 734 3576 in
755 3522 967 3594 campestribus
989 3540 1025 3579 ea
1042 3522 1113 3579 locis
1136 3546 1164 3590 30

121 3620 267 3683 habuisset.
324 3627 360 3682 In
395 3626 450 3682 hec
485 3625 686 3696 conclesiene,
716 3626 981 3701 quotienscumque
1012 3628 1112 3698 voluit,

124 3736 283 3802 apparetum
319 3742 350 3788 et
386 3730 563 3788 menitienes
600 3731 740 3806 Antigoni
772 3731 841 3788 alies
873 3732 1014 3803 incendit,
1043 3733 1113 3791 alies
