2574 4146
491 672 572 728 xvi.
608 656 841 728 numanis.
891 721 902 738 ,

205 860 229 915 I.
259 857 416 932 Pelopidis
450 856 617 926 ThebenuS,
649 855 742 931 magis
777 855 922 913 historicis
956 874 1046 930 quam
1081 857 1172 932 vulge

164 969 260 1022 netus
302 963 393 1022 Cuius
421 962 460 1020 de
485 963 639 1020 virtetibus
664 961 769 1020 dubite
794 980 883 1036 quem
906 962 944 1020 ad
970 962 1096 1020 modum
1121 982 1172 1022 ex·

165 1075 283 1144 penam,
312 1070 395 1142 quod
422 1086 532 1140 vereor,
563 1075 587 1125 si
615 1073 661 1125 res
690 1067 837 1142 explicere
865 1069 1016 1143 incipiam,
1043 1073 1082 1127 ne
1110 1075 1173 1128 nen

163 1181 254 1233 vitam
285 1176 347 1233 eius
378 1180 521 1245 enerrere,
550 1174 603 1232 sed
635 1173 786 1231 historiam
813 1172 914 1231 videar
941 1175 1069 1232 scribere
1080 1196 1090 1248 ;
1126 1182 1173 1234 sin

130 1305 142 1353 5
164 1291 279 1339 tantum
302 1279 392 1339 modo
414 1287 542 1338 summes
564 1281 697 1355 attigere,
712 1285 750 1338 ne
775 1280 895 1338 rudibus
917 1281 1100 1339 Graecerum
1125 1281 1172 1340 lit-

165 1393 290 1444 tererum
316 1388 411 1444 minus
440 1385 568 1444 dilecide
597 1393 747 1460 appereat,
775 1396 900 1460 quantus
926 1386 1012 1444 fuerit
1040 1386 1089 1445 ille
1118 1388 1171 1446 vir.

165 1494 270 1567 Itaque
295 1500 409 1566 utrique
436 1499 477 1549 rei
502 1510 665 1562 occurram,
688 1501 829 1566 quantum
854 1497 989 1566 potuere,
1011 1502 1042 1550 et
1065 1493 1170 1552 mede·

164 1599 307 1656 boreum
329 1599 456 1655 satieteti
477 1609 538 1654 tum
560 1598 741 1672 ignerantiae
763 1599 914 1655 lecterum.

206 1703 372 1761 Phoebides
415 1702 668 1760 Lacedaemonius
704 1722 771 1760 curn
807 1703 969 1760 exercitum
1004 1703 1171 1778 Olynthum

114 1840 141 1870 ιο
164 1809 286 1867 duceret
314 1809 428 1882 iterque
457 1826 510 1883 per
536 1809 655 1866 Thebes
684 1809 803 1879 faceret,
828 1827 925 1865 arcem
954 1809 1067 1883 oppidi,
1092 1828 1171 1884 quae

163 1914 298 1973 Cadmea
322 1915 496 1985 nominatur,
523 1915 679 1988 occupevit
705 1914 832 1989 impulsu
861 1920 1022 2003 paucerum
1049 1915 1171 1974 Thebe-

163 2026 277 2092 nerum,
305 2027 356 2094 qui
386 2019 570 2078 adverseriae
602 2021 721 2078 factieni
755 2025 815 2094 que
847 2021 958 2077 facilius
989 2020 1171 2094 resisterent,

165 2127 316 2183 Lacenum
339 2127 425 2184 rebus
446 2124 613 2198 studebant,
637 2125 726 2200 idque
749 2131 801 2183 sue
824 2131 945 2200 privett'),
965 2131 1026 2183 nen
1047 2127 1170 2201 pfiblice

164 2231 239 2288 fecit
260 2232 391 2288 censilie.
437 2232 506 2304 Que
528 2233 607 2289 facte
629 2249 696 2288 eum
720 2231 948 2290 Lacedaemonii
974 2232 1013 2290 ab
1038 2234 1171 2292 exercitu

114 2369 139 2417 15
162 2342 350 2395 remeverunt
372 2338 557 2412 pecenieque
581 2338 748 2408 multarunt,
770 2356 866 2411 neque
891 2343 928 2395 ee
954 2337 1046 2414 magis
1067 2357 1169 2397 arcem

162 2443 310 2501 Thebenis
350 2442 553 2514 reddiderunt,
589 2442 670 2517 quod
709 2450 851 2517 susceptis
886 2443 1044 2502 inimicitiis
1078 2445 1170 2503 satius

164 2546 313 2607 ducebant
336 2554 386 2606 ees
408 2549 538 2608 obsideri
559 2568 648 2624 quam
670 2549 786 2607 libereri
796 2570 805 2621 3
834 2567 903 2606 nam
928 2559 996 2623 post
1021 2550 1169 2624 Pelopon·

163 2655 277 2711 nesium
309 2654 418 2712 bellum
447 2655 636 2728 Athenisque
668 2653 799 2712 devictes
830 2673 898 2711 curn
931 2654 1082 2713 Thebenis
1113 2656 1171 2714 sibi

163 2778 226 2817 rem
252 2778 316 2817 esse
340 2761 545 2818 existimabant
570 2770 600 2817 et
624 2765 675 2818 ees
701 2779 765 2817 esse
793 2761 880 2831 seleS,
903 2767 953 2835 qui
976 2759 1116 2818 adversus
1137 2766 1170 2820 se

113 2899 141 2930 20
164 2867 264 2923 sistere
293 2864 446 2923 auderent.
489 2868 557 2923 Hec
583 2875 683 2922 mente
709 2873 809 2924 amicis
834 2873 891 2924 suis
916 2872 1044 2924 summes
1068 2877 1168 2941 potes·

164 2977 238 3028 tetes
261 2971 407 3030 dederant
430 2972 604 3046 alteriusque
627 2972 762 3030 factienis
784 2973 931 3048 principes
952 2973 1059 3047 partim
1080 2973 1169 3030 inter-

164 3077 310 3148 fecerant,
332 3077 404 3134 alies
426 3078 456 3134 in
477 3078 611 3134 exsilium
634 3079 801 3150 eiecerant3
830 3079 860 3135 in
884 3077 990 3152 quibus
1011 3079 1170 3153 Pelopidis

164 3182 220 3252 hic,
244 3182 282 3239 de
304 3188 363 3256 que
386 3184 512 3241 scribere
535 3189 630 3241 exersi
652 3202 760 3255 sumus,
776 3184 876 3258 pulsus
898 3184 991 3258 patrie
1011 3185 1142 3243 carebat.

205 3288 246 3344 II.
260 3316 262 3320 ·
277 3289 319 3344 Hi
347 3293 451 3345 omnes
480 3289 541 3346 fere
569 3289 700 3346 Athenes
732 3294 763 3347 se
794 3290 988 3361 contulerant,
1016 3295 1078 3347 nen
1109 3296 1170 3365 que

113 3427 139 3475 25
164 3403 357 3467 sequerentur
378 3394 480 3465 etium,
503 3395 557 3452 sed
580 3405 621 3466 ut,
643 3414 732 3469 quern
759 3415 795 3452 ex
820 3396 955 3470 proxime
980 3395 1080 3454 locum
1104 3397 1171 3456 fers

164 3499 327 3570 obtulisset,
350 3504 387 3556 ee
409 3500 533 3573 patriam
557 3508 731 3576 recuperere
756 3509 926 3559 niterentur.
970 3503 1074 3577 Itaque
1100 3522 1171 3561 cum

165 3616 281 3680 tempus
317 3616 393 3664 esset
427 3613 519 3664 visum
552 3615 594 3665 rei
624 3607 781 3683 gerendae,
810 3607 1006 3666 communiter
1037 3616 1172 3670 cumeis

626 3731 657 3793 76
