2574 4146
104 244 162 308 xn]
536 245 746 296 ALCIBIADES
991 258 993 262 ⁴
1127 255 1168 319 37

106 541 188 598 quae
220 530 309 600 supro
342 524 519 600 scripsimus,
548 524 587 583 do
622 530 659 583 eo
693 525 901 600 praedicirunt
935 536 1024 600 atque
1059 526 1118 584 hoc

107 629 257 705 amplius:
287 649 356 688 cum
377 630 507 702 Athonis,
524 630 761 705 splendidissimi
782 632 908 703 civitote,
924 638 1009 690 nitus
1031 643 1116 703 esset,

108 739 217 794 omnos
243 735 400 811 splendore
425 755 461 794 ac
486 735 630 811 dignitote
655 742 807 811 superosse
833 743 909 794 vitae
920 758 929 810 3
958 748 1117 813 postquam

107 841 181 900 inde
209 842 348 916 expulsus
374 843 493 900 Thobos
520 843 640 913 vonerit,
663 841 741 900 adeo
769 843 871 900 studiis
896 848 999 900 eorum
1027 851 1144 912 inser-5

107 952 195 1018 visse,
226 957 258 1005 ut
288 951 379 1006 nomo
409 966 477 1006 eum
512 949 612 1007 labore
648 949 838 1023 corporisque
872 950 981 1008 viribus
1017 960 1118 1024 posset

107 1054 466 1128 aequiperore-omnos
487 1055 566 1111 enim
588 1055 693 1112 Boeoti
714 1055 806 1129 magis
829 1054 964 1113 firmitoti
984 1056 1117 1130 corporis

108 1177 200 1232 quam
229 1159 341 1233 ingenii
373 1159 501 1217 acumini
535 1160 664 1217 serviunt
675 1159 873 1231 ;—eundem
908 1161 988 1234 apud
1024 1162 1115 1218 Lace-

108 1263 297 1334 daemonios,
325 1270 451 1339 quorum
479 1265 609 1324 moribus
637 1284 753 1323 summa
786 1267 876 1324 virttis
911 1267 941 1323 in
976 1267 1118 1340 patientio

108 1371 288 1444 ponobotur,
317 1376 359 1428 sic
386 1371 511 1429 doritiae
539 1376 570 1429 so
598 1370 727 1443 dedisse,
755 1382 787 1429 ut
815 1372 994 1446 parsimonia
1023 1378 1116 1430 victos
1142 1399 1167 1429 ιο

108 1489 201 1551 atque
222 1476 319 1535 cultris
340 1481 445 1535 omnos
467 1477 720 1536 Lacedaemonios
744 1478 895 1549 vinceret;
924 1479 1011 1536 fuisse
1037 1479 1116 1554 apud

107 1583 269 1653 Thraecis,
298 1583 433 1640 hominos
460 1583 626 1641 vinolentos
652 1585 798 1658 robusque
826 1585 950 1642 veneriis
978 1583 1114 1642 doditos:

109 1688 165 1747 hos
186 1707 308 1763 quoque
330 1688 360 1746 in
381 1689 425 1747 his
449 1689 536 1747 robus
558 1691 751 1747 antecessisse
763 1711 771 1761 3
800 1691 914 1748 vonisse
940 1690 978 1748 ad
1005 1692 1115 1761 Persis,

109 1794 191 1868 apud
219 1799 296 1868 quos
327 1812 442 1852 summa
476 1795 538 1852 laus
574 1805 651 1852 esset
686 1795 800 1852 sortiter
833 1801 941 1866 vonori,
970 1795 1116 1853 loxuriose

108 1906 226 1958 vivere:
264 1900 370 1957 horum
397 1907 439 1958 sic
466 1900 612 1958 imitotum
639 1901 894 1970 consuotodinem,
923 1912 955 1958 ut
987 1902 1027 1958 illi
1061 1902 1117 1975 ipsi
1142 1923 1165 1970 ις

109 2005 231 2063 eumin
254 2006 299 2064 his
321 2005 447 2064 moximo
469 2005 690 2064 admirorentur.
734 2007 848 2080 Quibus
870 2008 957 2065 robus
979 2007 1116 2064 effecisse

110 2121 152 2182 ut,
181 2110 261 2186 apud
290 2117 494 2186 quoscumque
524 2123 609 2182 esset,
638 2120 776 2187 princeps
806 2118 965 2187 poneretur
994 2113 1115 2171 habore?-

110 2225 215 2290 turque
238 2217 414 2274 corissimus.
456 2217 515 2276 Sed
536 2218 605 2275 satis
626 2217 665 2275 do
687 2218 744 2275 hoc
755 2239 764 2289 ;
790 2219 917 2292 reliquos
939 2217 1096 2276 ordiomur.
