2574 4146
91 237 173 302 xiix]
545 238 713 290 EUMENES
1111 243 1152 312 95

90 412 179 470 iussit
190 433 199 484 ,·
229 429 300 469 nam
325 412 451 487 negabat
476 417 507 470 se
533 419 561 470 ei
586 413 643 469 vim
670 412 845 483 adlaturum,
871 420 919 471 cui
943 413 1103 488 aliquando

63 551 68 556 -
92 518 199 576 fuisset
227 524 348 575 amicus.
399 520 459 574 Hic
487 528 587 575 tamen
614 524 676 575 non
703 518 829 594 amplius
857 537 947 593 quam
975 519 1103 577 triduum

93 623 176 681 fame
198 623 343 698 fatigatus,
365 642 432 680 cum
454 633 550 681 castra
570 628 767 696 moverentur,
788 625 932 683 insciente
953 625 1103 700 Antigono

64 756 69 761 ·
93 729 242 803 iugulatus
264 740 310 786 est
331 734 349 786 ai
368 729 550 787 custodibus.

136 836 226 892 XIII.
255 836 303 892 Sic
333 835 481 893 Eumenes
509 841 654 893 annorum
685 842 814 910 quinque
844 845 873 893 et
901 836 1103 910 quadraginti,
1128 863 1138 908 5

94 958 166 996 cum
199 940 238 998 ab
273 945 352 997 anno
387 940 537 1011 vicesimo,
566 947 608 998 uti
643 947 732 1015 supra
766 940 957 1012 ostendimus
987 952 1104 1015 septem

94 1050 191 1103 annos
222 1045 360 1119 Philippo
391 1045 582 1120 apparuisset,
613 1045 758 1104 tredecim
793 1046 873 1120 apud
903 1047 1103 1105 Alexandrum

95 1149 227 1208 eundem
263 1150 363 1208 locum
398 1151 580 1222 obtinuisset,
612 1152 642 1209 in
670 1158 712 1208 eis
746 1157 837 1209 unum
872 1153 1005 1226 equitum
1040 1153 1103 1210 alae

94 1256 281 1331 praefuisset,
310 1266 378 1331 post
415 1266 515 1314 autem
555 1256 714 1314 Alexandri
752 1260 854 1332 Magni
889 1268 1014 1315 mortem
1049 1258 1103 1315 im-

95 1368 215 1437 perator
240 1363 385 1420 exercitiis
409 1362 540 1421 duxisset
565 1369 753 1437 summosque
783 1362 874 1422 duces
902 1367 1009 1438 partim
1037 1382 1103 1438 rep·
1128 1391 1154 1421 ιο

95 1468 230 1542 pulisset,
251 1468 359 1542 partim
381 1468 590 1540 interfecisset,
613 1479 716 1544 captus
738 1475 798 1527 non
824 1471 963 1544 AntIgoni
987 1471 1103 1542 virtute,

97 1573 153 1632 sed
178 1573 383 1632 Macedonum
408 1574 536 1648 periurio
560 1575 649 1632 talem
675 1575 776 1633 habuit
801 1576 911 1642 exitum
940 1582 1025 1633 vitae.
1068 1578 1104 1634 In

96 1686 158 1754 quo
180 1689 292 1755 quanta
312 1680 444 1737 omnium
466 1681 552 1738 fuerit
574 1681 675 1755 opinio
697 1686 807 1751 eorum,
824 1688 874 1755 qui
894 1692 962 1756 post
978 1681 1103 1739 Alexan-

98 1785 185 1844 drum
222 1787 367 1860 Mignum
406 1791 490 1860 reges
526 1796 593 1844 sunt
629 1787 776 1861 appellati,
805 1805 841 1843 ex
877 1788 934 1844 hoc
966 1787 1104 1845 facillime

99 1902 199 1967 potest
227 1891 360 1964 iudicari,
389 1890 480 1966 quod,
509 1897 635 1966 quorum
663 1897 752 1950 nemo
784 1894 918 1950 Eumene
952 1899 1018 1950 vivo
1053 1898 1105 1950 rex
1130 1925 1153 1969 15

99 1997 265 2073 appellatus
290 2007 343 2069 est,
366 1996 420 2055 sed
445 1997 620 2071 praefectus
647 1997 746 2055 eidem
771 2009 839 2072 post
860 1999 944 2056 huius
965 2005 1104 2057 occasum

98 2103 198 2162 statim
241 2103 354 2178 regium
391 2109 527 2161 ornatum
565 2109 735 2178 nomenque
774 2109 960 2178 sumpserunt
998 2122 1104 2178 neque,

98 2209 182 2284 quod
217 2209 303 2267 initio
341 2207 555 2284 praedicarant,
585 2214 616 2266 se
654 2208 813 2266 Alexandri
850 2209 945 2268 liberis
982 2214 1104 2284 regnum

99 2321 225 2386 servare,
241 2320 388 2389 praestare
409 2314 565 2372 voluerunt
586 2325 615 2371 et
637 2307 776 2372 hoc‘smo
798 2320 1016 2389 propugnatore
1038 2317 1104 2373 sub-

98 2422 160 2479 lato
187 2420 261 2495 qnid
290 2427 430 2478 sentirent
457 2424 642 2494 aperuemnt.
686 2420 783 2478 Hriius
811 2421 927 2478 sceleris
955 2421 1106 2495 prinpres
1129 2455 1156 2485 20

99 2527 218 2585 fuerunt
239 2525 413 2600 Antigonus,
432 2525 628 2597 Ptolemaeus,
648 2526 796 2598 Seleucus,
815 2526 1015 2600 Lysimachus
1034 2528 1104 2585 Cas-

99 2631 234 2690 sandrus.
282 2632 458 2706 ¹Antigonus
486 2641 586 2688 autem
615 2633 781 2689 Eumenem
809 2642 957 2689 mortuum
986 2639 1104 2707 propin-

99 2745 166 2812 quis
193 2738 257 2794 eius
289 2735 493 2812 sepeliendum
524 2735 654 2794 tradidit.
710 2738 736 2793 Ii
770 2737 886 2794 militari
921 2737 1106 2813 honestoque

99 2844 218 2914 funere,
242 2843 404 2900 comitante
426 2847 489 2900 toto
515 2842 655 2913 exercitu,
677 2841 870 2899 humavemnt
894 2861 1019 2917 ossaque
1045 2845 1106 2902 eius

98 2951 128 3007 in
150 2948 379 3025 Cappadociam
401 2947 439 3006 ad
462 2953 585 3006 matrem
608 2959 697 3026 atque
714 2954 836 3007 uxorem
856 2949 1022 3025 liberosque
1044 2951 1106 3010 cius
1130 2987 1155 3035 ²5

98 3054 289 3131 deportanda
310 3059 455 3115 curarunt.
