2574 4146
455 245 624 294 CORNELII
648 245 796 296 NEPOTIS
818 248 926 297 VITAE
991 208 996 217 1
1124 248 1241 311 [mx.

254 419 306 476 IX.
335 420 374 475 At
397 422 457 489 rix,
483 417 564 491 quod
589 417 776 493 implacabile
801 417 902 477 odium
929 419 960 476 in
984 421 1135 479 Datamen
1159 440 1239 480 sus-

213 529 342 599 ceperat,
365 533 522 598 postquam
544 523 623 581 bellu
644 542 713 581 eum
735 525 864 600 opprimi
888 530 948 582 nim
972 543 1061 599 posse
1086 527 1237 586 ammad-

212 631 306 701 vertit,
342 630 454 688 insidiis
489 630 654 688 interficere
693 629 824 704 studuit3
866 637 938 706 quas
973 632 1021 689 ille
1064 633 1236 709 plerasque

214 737 341 795 evitavit.
396 737 486 808 Sicut,
514 754 583 794 cum
615 744 643 795 ei
673 738 837 795 nuntiatum
870 748 948 796 esset
982 737 1130 812 qutisdam
1166 741 1237 799 sibi

178 883 188 930 5
212 841 351 913 insidiari,
380 848 430 916 qui
461 842 492 899 in
523 846 688 900 amicerum
719 853 802 900 eraut
832 842 1069 915 numeria—de
1104 845 1232 920 quibus,

213 947 294 1022 quod
319 948 430 1005 inimici
457 946 632 1019 detulerant,
654 966 754 1022 neque
782 948 966 1007 credendum
995 967 1094 1025 neque
1121 952 1231 1027 negle-

212 1053 343 1130 gendum
377 1053 686 1129 putavit-experiri
716 1055 816 1126 voluit,
848 1061 950 1114 verum
986 1056 1132 1114 falsumne
1167 1057 1228 1116 sibi

213 1170 290 1219 esset
317 1161 450 1218 relatum.
504 1161 609 1236 Itaque
637 1166 674 1218 ed
702 1162 851 1236 profectus
880 1172 933 1233 est,
962 1163 992 1219 iu
1023 1168 1083 1237 qud
1116 1163 1227 1222 itinere

213 1267 321 1324 suturas
347 1265 468 1324 insidias
496 1265 639 1325 dixerant.
687 1266 746 1325 Sed
774 1267 863 1342 eligit
891 1286 1016 1343 corpore
1045 1286 1080 1325 ac
1110 1275 1222 1327 statura

164 1400 190 1430 ιο
213 1372 391 1430 simillimum
416 1379 460 1430 sui
484 1379 570 1447 eique
595 1379 732 1431 vestitum
756 1392 841 1431 suum
866 1373 950 1430 dedit
974 1384 1064 1448 atque
1089 1380 1127 1432 ed
1152 1375 1221 1433 loeti

211 1486 263 1551 ire,
285 1485 346 1554 qud
374 1479 437 1553 ipse
465 1484 630 1550 censuerat,
656 1479 755 1551 iussit3
784 1480 847 1554 ipse
875 1490 974 1538 autem
1003 1486 1107 1538 dmatri
1131 1488 1216 1539 vesti·

213 1590 303 1659 tuque
328 1584 443 1641 militari
467 1586 543 1641 inter
570 1586 702 1660 corporis
731 1584 870 1643 custddes
898 1586 954 1643 iter
981 1585 1079 1644 facere
1108 1586 1216 1662 coepit.

212 1693 250 1748 At
275 1690 469 1761 insidiatdres,
491 1701 649 1765 postquam
674 1690 704 1748 in
728 1709 797 1748 eum
822 1691 921 1748 locum
943 1697 1049 1766 agmen
1073 1693 1216 1766 pervenit,

213 1797 332 1872 decepti
353 1796 456 1854 ‹irdine
479 1807 567 1870 atque
588 1802 695 1854 vestitu
716 1797 861 1871 impetum
883 1798 913 1855 in
934 1815 1002 1856 eum
1025 1797 1146 1870 faciunt,
1168 1805 1217 1873 qui

164 1926 187 1971 15
212 1903 379 1977 suppositus
414 1913 487 1959 erat.
543 1900 731 1960 Praedixerat
765 1912 864 1961 autem
891 1909 933 1961 eis
966 1904 1119 1974 Datames,
1149 1922 1216 1962 cum

212 2009 317 2082 quibus
344 2009 400 2067 iter
428 2008 564 2080 faciebat,
586 2018 618 2065 ut
643 2014 736 2082 parati
761 2019 860 2067 essent
886 2010 982 2067 facere
1014 2009 1096 2084 quod
1121 2010 1218 2085 ipsum

212 2114 362 2172 vidissent.
406 2116 484 2190 Ipse,
506 2124 538 2171 ut
563 2119 773 2172 concurrantes
796 2114 981 2173 insidiaturis
1008 2115 1140 2173 animum
1165 2116 1216 2174 ad·

211 2220 306 2292 vertit,
336 2220 394 2278 tala
424 2220 455 2276 in
486 2225 537 2277 eds
572 2220 710 2278 coniecit.
767 2222 838 2278 Hdc
873 2220 954 2278 idem
989 2239 1058 2278 cum
1092 2221 1218 2280 universi

212 2326 364 2397 fecissent,
394 2325 562 2400 priusquam
591 2331 778 2400 pervenirent
805 2325 844 2383 ad
876 2344 945 2384 eum
976 2344 1066 2401 quem
1097 2326 1218 2403 aggredi

161 2456 189 2488 ιο
210 2432 358 2503 volcbant,
381 2431 494 2489 cdnfixi
516 2430 721 2489 conciderunt.

250 2539 287 2595 X.
318 2540 378 2595 Hic
419 2547 519 2594 tamen
560 2546 621 2594 tam
663 2536 786 2595 callidus
825 2537 868 2594 νὴ
906 2541 1039 2595 extremi)
1081 2547 1216 2612 tempore

212 2653 315 2718 captus
344 2652 388 2700 est
417 2641 606 2714 Mithridatis,
635 2643 838 2701 Ariobarzanis
864 2642 928 2714 filii,
954 2641 1034 2700 dole.
1078 2644 1216 2719 Namque

211 2749 235 2806 is
259 2748 406 2823 pollicitus
431 2757 475 2806 est
500 2752 561 2823 rigi
582 2753 613 2806 se
636 2767 703 2806 eum
725 2748 957 2819 interfecturum,
978 2755 1002 2806 si
1022 2753 1074 2806 rex
1095 2750 1215 2825 permit-

211 2864 294 2924 teret,
316 2864 349 2912 ut
371 2853 582 2929 quodcumque
607 2854 695 2912 vellet
717 2854 818 2912 liceret
839 2854 961 2930 impune
982 2851 1096 2926 facere:
1112 2854 1216 2913 fidem·

160 2988 186 3034 25
211 2978 268 3034 que
294 2959 332 3017 de
358 2966 393 3016 ea
417 2964 448 3017 re
473 2965 557 3018 mure
582 2962 734 3018 Persarum
759 2959 864 3018 dextra
888 2960 1028 3020 dedisset.
1072 2962 1161 3018 Hanc
1186 2971 1218 3019 ut

211 3066 327 3140 accepit
351 3071 369 3123 a
393 3070 462 3141 rege
488 3072 615 3137 missam,
638 3066 740 3141 eripias
763 3075 846 3140 parat
871 3075 901 3123 et
926 3067 1031 3124 absens
1056 3067 1217 3125 amicitiam

211 3190 279 3229 cum
312 3173 439 3230 Datame
471 3172 551 3244 facit,
580 3172 655 3246 regis
688 3171 853 3246 prdvincias
885 3177 981 3243 vexat,
1010 3173 1133 3231 castella
1168 3193 1216 3231 ex-

211 3282 330 3352 pugnat,
360 3283 480 3352 magnas
509 3277 634 3353 praedas
665 3277 754 3352 capit,
783 3283 907 3351 quarum
934 3278 1042 3353 partim
1071 3285 1129 3337 suis
1158 3279 1216 3338 dis-

210 3384 308 3458 pertit,
334 3384 441 3458 partim
469 3383 506 3442 ad
537 3385 686 3441 Datamen
715 3383 804 3442 mittit
815 3405 823 3455 3
852 3390 916 3458 pari
943 3385 1035 3443 modi>
1065 3386 1219 3460 complrira

160 3519 188 3565 30
210 3489 330 3546 castella
355 3495 383 3548 ei
403 3487 502 3548 tradit.
547 3490 634 3546 Haec
654 3487 706 3547 diu
726 3489 864 3548 faciendi>
886 3491 1029 3565 persuasit
1051 3491 1165 3550 homini
1186 3497 1219 3550 se

209 3596 359 3653 infinitum
391 3596 529 3654 adversus
560 3599 661 3671 regem
687 3596 849 3670 suscepisse
878 3596 996 3667 bellum,
1025 3615 1095 3655 cum
1123 3598 1218 3656 nihilq

211 3701 312 3776 magis,
341 3706 379 3760 ne
411 3719 500 3776 quam
535 3701 732 3776 suspicidnem
765 3701 805 3759 illi
840 3701 996 3776 praeberet
1021 3702 1217 3776 insidiarum,
