2574 4146
509 758 564 816 vr.
601 743 826 817 Lisnuosn.

207 936 232 993 1.
262 935 413 1012 Lysander
443 935 696 993 Lacedaemonius
726 940 862 1009 magnam
894 934 1011 1010 reliquit
1045 941 1090 994 sui
1125 936 1170 994 fa-

166 1059 256 1115 mam,
277 1042 370 1118 magis
394 1042 539 1101 salicitate
563 1059 653 1116 quam
676 1041 782 1099 virtute
808 1052 932 1116 partam.
974 1041 1172 1102 Athaniansas

166 1148 246 1205 enim
274 1147 412 1206 adversus
441 1148 673 1223 Peloponnasios
705 1146 815 1206 bellum
849 1152 985 1222 gerontas
1021 1154 1106 1206 sexta
1142 1160 1172 1206 et

166 1254 306 1312 vicasima
332 1258 412 1311 anna
439 1253 608 1311 causacisse
636 1259 768 1328 apparet,
790 1271 888 1327 neque
916 1252 948 1311 id
973 1260 1033 1328 qua
1056 1255 1171 1313 ratiane

131 1386 141 1432 5
166 1365 341 1417 consecutus
366 1359 403 1416 sit
425 1359 505 1417 latet.
548 1360 618 1416 Nan
642 1359 720 1416 enim
745 1359 851 1418 virtfite
873 1365 917 1417 sui
939 1360 1094 1431 exercitas,
1118 1361 1172 1419 sed

166 1443 354 1523 immodestia
388 1465 498 1522 sactum
532 1475 577 1522 est
611 1464 853 1536 adversariarum,
882 1471 942 1539 qui,
970 1465 1053 1539 quod
1088 1467 1173 1525 dicto

147 1570 319 1655 ⁸audientas
343 1571 569 1646 imperataribus
594 1577 651 1628 suis
676 1577 737 1629 non
760 1581 852 1643 erant,
878 1571 1013 1647 dispalati
1037 1573 1068 1630 in
1096 1580 1173 1648 agris

167 1678 272 1735 relictis
300 1678 422 1736 navibus
454 1677 484 1733 in
515 1677 644 1735 hostium
679 1681 822 1734 vanamnt
856 1667 1045 1751 potestatem.
1102 1680 1174 1754 Qua

166 1783 245 1841 facto
278 1783 474 1841 Athaniansas
509 1788 541 1840 εδ
577 1782 822 1840 Lacedaemoniis
856 1783 1045 1842 dadidarunt.
1103 1786 1174 1843 Hac

118 1912 145 1943 ιο
165 1890 288 1947 victoria
312 1889 464 1961 Lysander
487 1889 588 1959 alatus,
611 1907 680 1947 cum
705 1895 793 1947 antea
817 1907 935 1964 semper
959 1890 1099 1948 factiasus
1121 1910 1173 1948 au-

167 1995 283 2070 daxque
305 1996 414 2066 fuisset,
430 2001 471 2052 sic
493 1995 548 2053 sibi
569 1994 697 2065 indulsit,
713 2005 745 2053 ut
767 1995 829 2052 aius
850 2001 941 2069 opera
961 1997 991 2052 in
1009 1997 1174 2055 maximum

167 2101 268 2160 odium
297 2101 441 2160 Graeciae
473 2101 703 2159 Lacedaemonii
735 2102 931 2175 pervenerint.
987 2103 1067 2159 Nam
1102 2122 1174 2161 cum

167 2209 243 2266 hanc
277 2226 395 2265 causam
432 2206 661 2264 Lacedaemonii
695 2207 879 2265 dictitassent
912 2208 967 2265 sibi
996 2226 1062 2267 esse
1091 2209 1173 2282 belli,

165 2325 197 2370 ut
225 2313 448 2371 Ath'e'niemium
476 2312 672 2387 impotentem
701 2313 934 2370 dominationem
967 2313 1173 2389 refringerent,

117 2442 141 2489 ις
166 2429 322 2493 postquam
341 2418 422 2493 apud
438 2420 536 2492 Aegos
558 2418 667 2475 flumen
686 2418 837 2493 Lysander
854 2418 954 2475 classis
975 2419 1103 2477 hostium
1127 2432 1174 2479 est

165 2531 285 2599 potitus,
307 2524 380 2581 nihil
404 2523 483 2582 aliud
513 2525 630 2581 molitus
657 2534 702 2581 est
730 2541 818 2597 quam
848 2534 880 2580 ut
904 2529 1009 2583 omnes
1037 2527 1173 2585 civitates

165 2632 194 2688 in
223 2637 275 2689 sua
301 2635 415 2689 terraret
443 2637 601 2707 potestate,
630 2649 697 2687 cum
730 2631 761 2687 id
796 2635 828 2688 εδ
864 2631 1172 2690 Lacedaemoniorum

165 2736 254 2795 causa
277 2738 373 2795 facere
398 2738 556 2796 simularet.
599 2738 737 2811 Namque
765 2737 905 2810 undique,
931 2743 983 2810 qui
1007 2738 1170 2796 Athaman-

165 2845 240 2901 sium
268 2844 355 2901 rabus
383 2844 562 2901 studuissent
589 2844 702 2912 aiectiS,
731 2842 836 2900 decern
865 2842 1016 2917 delegerat
1046 2844 1077 2900 in
1111 2849 1171 2902 rina

114 2978 142 3008 20
165 2956 282 3024 quaque
304 2949 429 3021 civitate,
452 2949 557 3023 quibus
582 2966 728 3006 summum
752 2948 908 3021 imperium
930 2955 1170 3024 potestatemque

119 3107 121 3111 ,
164 3057 298 3114 omnium
323 3060 419 3112 rerum
444 3055 651 3112 committeret.
694 3055 811 3112 Harum
838 3054 868 3110 in
896 3073 1052 3112 numerum
1080 3061 1169 3114 neura

165 3160 384 3233 admittebatur,
405 3161 460 3218 nisi
488 3167 539 3234 qui
566 3169 616 3217 aut
643 3159 705 3217 eius
734 3159 863 3234 hospitia
892 3162 1094 3219 continaratur
1118 3173 1169 3220 aut

164 3273 196 3325 εδ
217 3268 291 3325 illius
313 3269 374 3324 fore
396 3267 546 3340 proprium
569 3264 628 3323 fida
650 3265 852 3323 canfirmarat.

205 3375 247 3432 ΙΙ.
277 3375 324 3431 Ita
349 3373 536 3431 decemvirali
560 3377 706 3446 potestate
731 3372 761 3428 in
786 3372 922 3430 omnibus
948 3372 1068 3431 urbibus
1097 3379 1168 3432 can-

114 3513 139 3559 ²5
163 3481 264 3539 stituta
292 3481 382 3554 ipsius
410 3483 481 3534 nutu
509 3477 609 3535 omnia
638 3478 825 3553 gerabantur.
867 3479 958 3537 Cuius
989 3478 1029 3536 da
1060 3479 1165 3537 cruda-

164 3586 244 3643 litate
280 3603 315 3642 ac
351 3584 474 3658 perfidia
508 3584 577 3641 satis
612 3594 656 3640 est
690 3588 780 3641 anam
815 3602 878 3641 rem
914 3585 1042 3658 exempli
1075 3586 1168 3660 gratia

164 3693 304 3767 praferre,
334 3696 371 3748 na
404 3691 443 3748 da
474 3690 581 3748 eadem
617 3690 701 3764 plara
735 3691 937 3749 §numerando
972 3690 1168 3766 defatigamus

624 3794 656 3842 26
