2574 4146
104 299 179 347 vri,
191 289 265 354 v111.]
615 289 704 338 DION
1140 296 1184 359 49

112 462 297 536 opprimere
326 460 446 533 studuit,
473 461 734 536 Heraclidemque‚
758 481 826 519 cum
856 463 1010 537 Syreciisais
1038 464 1132 520 venis·

117 578 178 639 set,
201 567 443 625 interficiendum
466 569 585 625 cerevit.
1099 648 1102 653 .

162 675 233 731 VII.
267 673 359 746 Quod
381 674 490 731 lactum
513 675 649 732 omnibus
673 675 831 732 meximum
854 675 991 732 timerem
1014 675 1133 746 iniecit;

122 784 214 837 neme
240 780 321 835 enim
348 779 398 836 ille
422 779 578 837 interfecte
602 785 634 838 se
662 787 756 838 tritum
782 781 912 855 putebat.
956 782 1009 838 Ille
1035 791 1134 838 autem

125 884 295 942 adverserie
331 890 446 943 remete
482 885 617 943 licentius
653 891 754 943 eerum
790 887 877 956 bona,
912 892 986 960 ques
1023 887 1134 944 sciebat
1159 910 1169 955 5

128 989 268 1048 adversus
293 995 325 1048 se
350 991 483 1062 sensisse,
509 992 648 1050 militibus
676 992 850 1066 dispertivit.
893 992 1008 1065 Quibus
1036 991 1134 1049 divisis

130 1114 194 1153 cum
223 1095 381 1154 cottidiaini
409 1097 529 1154 meximi
554 1097 659 1155 fierent
683 1102 826 1172 semptris,
849 1097 984 1154 celeriter
1008 1099 1136 1171 pectinis

131 1200 231 1260 deesse
258 1201 369 1275 coepit,
397 1218 495 1277 neque
528 1206 588 1276 que
619 1205 722 1258 maniis
752 1200 917 1276 porrigeret
947 1202 1134 1277 suppetebat,

132 1308 181 1365 nisi
210 1308 241 1365 in
270 1311 433 1365 amicerum
461 1307 674 1381 possessienes.
729 1306 764 1363 Id
793 1307 855 1363 eius
884 1306 966 1364 modi
994 1317 1064 1378 erat,
1094 1318 1134 1378 ut,

133 1431 195 1470 eum
224 1413 334 1470 milites
362 1412 590 1484 reconciliasset,
615 1412 763 1469 emitteret
790 1413 958 1486 optimates.
1001 1413 1134 1486 Querum
1160 1443 1185 1472 10

133 1523 224 1576 rerum
258 1523 329 1575 cirre
360 1519 523 1592 angebetur
558 1526 587 1575 et
621 1521 753 1574 insuetus
788 1516 864 1602 male
899 1518 1049 1591 audiendi,
1074 1525 1135 1576 nen

133 1625 227 1682 anime
249 1629 347 1698 aeque
369 1623 481 1682 ferebat
506 1623 545 1681 de
567 1628 598 1681 se
620 1623 658 1681 ab
672 1629 713 1681 eis
732 1623 808 1680 male
829 1624 995 1695 existimeri,
1011 1630 1135 1698 quemm

134 1730 216 1802 paule
253 1739 322 1786 ante
358 1729 388 1786 in
422 1730 538 1787 caelum
573 1729 666 1787 fuerat
702 1728 793 1787 eletus
825 1729 970 1787 laudibus.
1025 1730 1136 1805 Vulgus

134 1845 227 1893 autem
258 1835 376 1893 offense
401 1836 433 1892 in
460 1854 529 1893 eum
558 1835 682 1893 militum
710 1836 860 1894 voluntaite
888 1836 1006 1894 liberius
1034 1837 1134 1911 loque-

134 1940 214 1999 betur
235 1950 267 1999 et
290 1951 446 2015 tyrannum
467 1946 528 1999 nen
550 1941 704 1999 ferendum
726 1941 889 2000 dictitebat.
1161 1967 1184 2012 ¹5

168 2047 259 2104 VIII.
289 2047 376 2104 Haec
401 2047 449 2103 ille
472 2046 590 2104 intuens
613 2064 680 2103 cum
703 2040 998 2120 quemadmodum
1020 2046 1137 2105 sederet

133 2157 266 2223 nesciret,
283 2161 313 2209 et
335 2157 475 2226 quersum
497 2151 657 2210 evaiderent
675 2153 800 2224 timeret,
816 2153 987 2211 Callicrates
1006 2153 1136 2228 quidam,

133 2259 200 2316 civis
229 2257 428 2330 Atheniensis,
451 2264 501 2332 qui
529 2259 615 2316 simul
643 2277 711 2315 cum
741 2264 777 2316 ee
805 2277 842 2315 ex
871 2259 1079 2335 Peloponnes&
1107 2260 1137 2317 in

132 2365 259 2424 Siciliam
283 2369 413 2435 venerat,
437 2364 529 2422 home
554 2373 583 2422 et
608 2364 731 2422 callidus
756 2365 845 2422 etad
867 2365 999 2422 fraudem
1024 2371 1136 2438 anetus

132 2471 192 2528 sine
216 2470 277 2529 ulla
301 2470 440 2546 religiene
467 2487 503 2528 ac
530 2469 597 2541 fide,
620 2470 692 2528 adiit
713 2469 751 2527 ad
774 2471 904 2555 Dienem
925 2482 956 2528 et
979 2472 1037 2529 ait:
1068 2491 1137 2529 eum
1160 2497 1187 2528 20

132 2581 240 2652 migne
268 2576 300 2634 in
328 2576 459 2652 pericule
474 2643 475 2646 Ἴ
488 2594 553 2635 esse
581 2586 703 2651 propter
734 2575 933 2635 offensienem
968 2578 1072 2652 populi
1107 2588 1137 2636 et

132 2682 234 2740 odium
270 2683 405 2754 militum,
438 2682 520 2756 quod
554 2682 634 2739 mille
670 2681 762 2739 mode
797 2687 906 2740 evitaire
940 2693 1050 2757 posset,
1082 2684 1137 2741 nisi

132 2787 218 2846 alicui
242 2793 363 2846 suerum
389 2787 541 2863 negetium
568 2787 660 2858 daret,
682 2793 734 2861 qui
759 2792 791 2845 se
812 2787 960 2846 simultiret
981 2789 1021 2846 illi
1042 2789 1136 2847 inimi-

132 2912 208 2952 cum.
253 2894 353 2966 Quem
373 2899 397 2950 si
418 2893 577 2950 invenisset
599 2892 749 2962 ideneum,
766 2892 852 2950 facile
872 2893 1005 2950 omnium
1023 2894 1137 2953 animes

133 2999 319 3074 cegnitirrum
348 2996 588 3071 adverseriesque
619 2997 807 3070 subletiirum‚
830 2998 911 3072 quod
939 2999 1052 3056 inimici
1076 3001 1138 3058 eius
1160 3025 1186 3071 ²5

135 3102 288 3162 dissidenti
309 3109 377 3160 sues
398 3108 499 3161 sensus
520 3108 649 3177 aperturi
670 3104 773 3160 forent.

172 3211 238 3267 Teli
259 3209 383 3266 censilie
405 3210 531 3283 probete
552 3209 671 3282 excepit
692 3208 743 3266 hes
765 3213 862 3282 partes
884 3209 947 3283 ipse
967 3210 1138 3270 Callicrates

136 3323 163 3372 et
186 3319 218 3373 εδ
244 3324 339 3372 armat
363 3314 562 3389 imprudentia
584 3313 699 3371 Dienis.
740 3313 788 3371 Ad
810 3331 877 3370 eum
900 3315 1138 3375 interficiendum

137 3419 229 3478 socies
257 3420 416 3493 conquirit,
445 3418 626 3476 adverseries
660 3418 722 3476 Eius
757 3419 906 3491 convenit,
935 3421 1139 3481 coniiiretiene

138 3525 304 3582 ceniirmat.
347 3527 416 3595 Res,
442 3525 539 3581 multis
564 3523 689 3581 censciis
714 3529 959 3599 quaeageretur‚
982 3527 1058 3584 elaita
1085 3528 1136 3586 de·
1161 3560 1189 3606 30

139 3628 224 3688 iertur
264 3630 304 3688 ad
346 3630 581 3701 Aristomachen,
624 3630 755 3688 sorerem
801 3630 916 3702 Dienis,
957 3638 1139 3708 uxeremque

140 3735 252 3800 Areten.
313 3735 385 3798 Illae
420 3736 524 3795 timere
559 3735 731 3810 perterritae
767 3737 955 3810 conveniunt,
984 3739 1065 3798 eiius
1100 3740 1139 3802 de
