2574 4146
167 254 225 317 132
454 248 624 298 CORNELII
647 248 796 298 NEPOTIS
818 248 926 296 VITAE
1149 246 1220 311 [xm

213 421 244 479 in
269 425 306 479 εδ
331 425 384 479 suri
409 431 546 496 tempore
571 421 608 478 sit
629 425 740 492 nitata,
762 430 802 493 et,
824 420 906 497 quod
928 420 1137 481 difficillimum
1157 424 1221 496 fuit,

214 533 255 585 sic
276 527 452 585 familiirum
472 526 616 602 originem
638 526 796 598 subtexuit,
810 536 843 584 ut
864 545 901 583 ex
922 531 959 585 eb
979 527 1126 587 clarbrum
1145 530 1222 588 virti-

214 650 278 689 rum
307 632 485 708 propigines
513 638 659 706 possimus
687 636 879 706 crignriscere.
936 632 1021 691 Fecit
1049 633 1108 691 heic
1140 634 1223 693 idern

214 738 371 812 separitim
409 738 441 795 in
478 738 540 796 aliis
578 738 666 809 libris,
701 746 734 795 ut
773 738 814 795 Μ.
848 739 931 795 Briiti
965 743 1069 813 rog-itii
1105 741 1223 798 Iuniam

179 865 189 912 5
214 843 355 900 familiam
383 849 402 900 Ta
428 843 519 918 stirpe
547 842 585 899 ad
611 843 688 900 hanc
712 846 841 900 aetitem
866 841 970 900 ‹irdine
996 846 1223 916 enumeraverit,

214 954 321 1007 notans
342 949 408 1023 quis
432 954 450 1006 Ξ
473 953 533 1023 qui)
555 958 635 1007 ortus
660 952 735 1022 queis
759 947 888 1006 honines
912 949 1080 1024 quibusque
1107 959 1224 1026 tempo-

215 1055 294 1114 ribus
318 1054 465 1129 ceipisset5
493 1060 557 1128 pari
582 1053 674 1112 modri
700 1053 835 1111 Marcelli
859 1054 977 1113 Claudii
1001 1055 1223 1128 Marcellinum,

215 1160 360 1234 Scipirinis
384 1159 516 1219 Cornelii
543 1169 573 1218 et
598 1159 682 1218 Fabii
702 1159 827 1217 Miximi
848 1159 1060 1218 Fabiirum'et
1083 1162 1224 1220 Aemilii>-

216 1284 290 1323 rum.
347 1266 462 1339 Quibus
496 1265 577 1324 libris
611 1265 683 1322 nihil
718 1273 817 1338 potest
852 1283 916 1323 esse
951 1265 1068 1324 dulcius
1091 1272 1136 1324 eis
1174 1273 1224 1341 qui

168 1400 194 1430 ιο
216 1372 346 1445 aliquam
377 1371 572 1446 cupiditatem
604 1370 714 1428 babent
745 1370 868 1428 nrititiae
902 1371 1047 1429 clairfirum
1083 1372 1223 1430 virinum.

215 1478 321 1552 Attigit
347 1478 485 1552 poeticen
514 1494 643 1551 quoque,
669 1475 826 1548 credimus
851 1480 889 1534 ne
918 1477 980 1535 eius
1009 1495 1117 1552 expers
1148 1489 1225 1537 esset

216 1584 373 1641 suivitatis.
417 1584 554 1656 Namque
575 1581 706 1640 versibus
727 1580 766 1639 de
782 1587 825 1640 eis
849 1587 900 1657 qui
924 1581 1039 1641 honrire
1064 1589 1224 1660 rerumque

215 1696 363 1764 gestimm
383 1687 578 1763 amplitidine
600 1692 715 1745 ceteris
736 1688 839 1762 populi
860 1688 990 1746 Rrimini
1014 1690 1224 1763 praestiterunt

216 1795 352 1869 exposuit
380 1794 429 1865 ita,
455 1804 486 1850 ut
513 1793 569 1851 sub
597 1792 776 1868 singulbrum
804 1793 980 1868 imaginibus
1008 1794 1088 1853 facta
1117 1796 1222 1872 magis-

167 1923 192 1970 ις
216 1906 365 1974 trinisque
390 1905 494 1957 ebrum
517 1904 578 1956 nim
601 1899 727 1973 amplius
754 1905 902 1972 quaternis
930 1905 1063 1974 quinisve
1091 1902 1222 1960 versibus

216 2005 423 2080 descripserit;
459 2003 540 2078 quod
575 2004 623 2061 vix
657 2002 840 2062 credendum
876 2005 912 2062 sit
947 2010 1045 2064 tantais
1080 2011 1127 2065 res
1163 2017 1222 2065 tam

216 2111 344 2171 breviter
368 2111 499 2185 potuisse
524 2109 674 2167 declirairi.
718 2111 772 2168 Est
797 2109 886 2168 etiam
912 2115 987 2169 iuius
1009 2110 1084 2170 liber
1106 2113 1223 2172 Graece

216 2217 378 2288 etinfectus,
401 2216 440 2273 de
461 2215 615 2273 cbnsulatii
637 2215 798 2273 Cicerrinis.

254 2324 337 2380 XIX.
367 2323 454 2378 Haec
482 2321 625 2378 hictenus
652 2320 752 2378 Attici)
779 2325 846 2378 vivi>
873 2320 955 2380 Edita
981 2327 1000 2379 a
1026 2323 1114 2382 nribis
1146 2333 1221 2382 sunt.

164 2455 193 2487 20
216 2431 314 2499 Nunc,
343 2427 484 2502 quoniam
516 2427 637 2485 sbrtiina
668 2430 723 2484 nris
754 2427 924 2501 superstites
959 2433 987 2485 ei
1021 2445 1086 2486 esse
1121 2429 1222 2501 voluit,

216 2536 327 2608 reliqua
352 2536 564 2608 persequimur
591 2541 630 2603 et,
655 2541 798 2606 quantum
826 2533 1020 2606 potuerimus,
1045 2538 1145 2592 rerum
1173 2554 1221 2593 ex-

215 2642 321 2715 emplis
342 2640 468 2697 lectrires
489 2636 673 2708 docibimus
693 2643 768 2695 sicut
789 2644 876 2712 supri
896 2639 1135 2713 significabimus,
1153 2646 1221 2699 suris

215 2753 321 2820 cuique
350 2749 449 2802 mines
477 2744 652 2818 plerumque
680 2743 839 2801 conciliare
867 2744 1029 2801 fbrtirnam.
1082 2746 1222 2821 Namque

215 2853 261 2910 hic
290 2860 447 2909 contentus
476 2849 580 2908 rirdine
606 2855 742 2923 equestri,
768 2855 828 2924 qui)
853 2859 916 2907 erat
940 2859 1029 2922 ortus
1054 2851 1086 2909 in
1111 2850 1221 2910 adlini-

164 2976 190 3023 25
214 2964 306 3016 titem
344 2955 478 3031 pervenit
514 2949 709 3025 imperitriris,
747 2950 816 3006 Divi
851 2950 914 3025 lilii,
948 2971 1018 3011 cum
1054 2954 1114 3012 iam
1152 2967 1221 3014 ante

214 3063 440 3122 familiarititem
467 3060 530 3117 eiius
559 3067 637 3115 esset
664 3061 841 3115 cbnsecritus
869 3057 949 3115 nirlli
979 3057 1036 3115 alia
1066 3062 1099 3116 re
1131 3077 1222 3135 quam

214 3170 359 3245 eleganti}
393 3173 478 3236 vitae,
514 3169 572 3239 qui
605 3166 720 3220 cetenis
758 3166 879 3236 ceperat
913 3164 1061 3238 principes
1096 3164 1223 3224 civitatis

214 3276 355 3350 dignitaite
391 3278 464 3346 pari,
502 3271 625 3327 ffirtirna
662 3267 841 3325 humiliares.
896 3268 993 3326 Tanta
1029 3269 1111 3328 enim
1153 3276 1221 3346 prri-

214 3381 336 3456 speritis
358 3380 518 3438 Caesarem
540 3385 585 3432 est
608 3377 776 3443 crinseciitaq
798 3382 831 3430 ut
852 3373 924 3431 nihil
949 3380 977 3431 ei
1000 3379 1063 3433 nrin
1087 3375 1223 3435 tribuerit

163 3508 192 3553 30
214 3487 336 3545 frirtrina
363 3482 445 3558 quod
466 3487 603 3555 cuiquam
626 3489 696 3537 ante
717 3477 871 3550 detulerat,
892 3490 923 3537 et
944 3481 1120 3553 conciliairit,
1140 3480 1222 3558 quod

213 3597 303 3650 nimi)
331 3589 429 3648 adhue·
457 3588 527 3645 civis
556 3588 709 3644 Reminus
736 3585 829 3659 quivit
856 3589 1009 3660 cinsequi.
1069 3588 1151 3646 Nata
1178 3597 1221 3647 est

213 3707 313 3756 autem
334 3697 434 3754 Attice
456 3693 553 3768 neptis
576 3710 612 3748 ex
633 3690 772 3765 Agrippi,
795 3696 842 3748 cui
862 3690 1007 3764 virginem
1029 3691 1127 3750 liliam
1152 3711 1219 3752 con-
