2574 4146
466 256 637 306 CORNELII
659 255 808 304 NEPOTIS
830 256 937 304 VITAE
1171 256 1234 320 [v11.

222 434 327 488 omnes
352 434 389 488 eo
414 430 584 505 praestabat
604 440 749 505 tempore,
771 429 931 504 postularet
954 439 990 486 ut.
1007 429 1108 503 potius
1129 431 1234 488 amici·

223 536 293 592 tiam
328 546 521 611 sequerentur
547 536 723 607 Atticorum,
752 546 783 592 et
816 535 847 591 in
881 535 1015 592 oratione
1051 541 1104 592 sua
1140 538 1236 594 multa

222 641 354 700 invectus
386 653 463 701 esset
494 643 525 700 in
555 642 716 700 Thebanos
750 651 781 699 et
811 643 932 715 Argivos
968 641 999 698 in
1034 648 1137 717 eisque
1175 644 1236 701 hoc

223 749 377 822 posuisset,
406 749 537 806 animum
566 749 719 807 advertere
747 748 858 806 debere
879 746 1011 805 Arcades
1033 750 1136 822 quales
1159 758 1236 806 utra·

186 874 197 921 5
221 868 279 925 que
301 853 401 910 civitas
422 857 501 910 cives
522 856 715 927 procreasset,
734 869 771 909 ex
791 851 897 927 quibus
919 851 958 909 de
979 856 1086 911 ceteris
1108 867 1235 928 possent

222 956 370 1015 indicare:
405 960 529 1033 Argivos
561 959 640 1015 enim
672 957 760 1016 fuisse
795 958 932 1016 Orestem
968 969 998 1016 et
1032 958 1234 1018 Alcmeonem

223 1064 399 1135 matricidis,
434 1065 544 1122 Thebis
579 1063 730 1139 Oedipum
765 1069 877 1136 natum,
912 1070 971 1138 qui,
1008 1083 1077 1122 cum
1113 1076 1233 1139 patrem
1277 1049 1278 1052 Ἴ

222 1187 306 1226 suum
329 1169 538 1241 interfecisset,
560 1188 597 1227 ex
622 1175 714 1227 matre
740 1170 846 1227 liberos
872 1174 1056 1244 procreasset
1066 1191 1076 1243 ;
1105 1170 1177 1228 huic
1201 1172 1233 1228 in

222 1275 433 1351 respondendo
468 1275 699 1351 Epaminondas,
734 1294 803 1333 cum
838 1275 877 1333 de
912 1280 1017 1333 ceteris
1052 1273 1231 1351 perorasset,

174 1410 200 1440 ιο
222 1392 380 1457 postquam
414 1382 453 1440 ad
488 1381 537 1439 illa
572 1381 632 1439 duo
664 1381 824 1456 opprobria
855 1382 997 1456 pervenit,
1026 1380 1168 1441 admirari
1199 1389 1232 1442 se

222 1486 295 1544 dixit
326 1488 478 1545 stultitiam
510 1487 632 1545 rhetoris
668 1488 767 1558 Attici,
796 1492 847 1560 qui
881 1491 942 1544 non
976 1487 1230 1560 animadverterit,

221 1593 393 1651 innocentes
421 1593 486 1650 illos
514 1597 599 1650 natos
627 1591 718 1663 domi,
744 1593 855 1650 scelere
882 1591 1010 1650 admisso
1039 1611 1110 1651 cum
1135 1595 1232 1670 patria

222 1709 320 1757 essent
340 1699 461 1773 expulsi,
484 1703 620 1773 receptos
643 1716 706 1756 esse
728 1699 766 1756 ab
787 1698 1026 1756 Atheniensibus.

261 1804 321 1863 Sed
346 1805 472 1862 maxime
497 1805 559 1862 eius
584 1789 754 1879 eloquentia
778 1805 869 1861 elirxit
893 1805 1015 1879 Spartae
1043 1805 1133 1880 legati
1160 1816 1230 1864 ante

172 1929 196 1976 ¹5
222 1916 350 1985 pugnam
379 1911 574 1968 Leuctricam.
618 1910 687 1983 Quo
716 1927 784 1966 cum
813 1910 946 1967 omnium
976 1911 1127 1969 sociorum
1156 1931 1228 1971 con·

220 2016 367 2073 vonissent
392 2017 487 2091 legati,
509 2020 610 2072 coram
636 2015 873 2090 frequentissimo
899 2021 1048 2074 conventri
1070 2023 1112 2075 sic
1135 2019 1228 2076 Lace·

170 2145 172 2147 ·
220 2120 446 2180 daemoniorum
483 2121 669 2196 tyrannidem
704 2122 845 2196 coarguit,
882 2131 915 2178 ut
949 2127 1010 2180 non
1046 2124 1144 2181 minus
1179 2125 1229 2182 illa
1262 2173 1270 2193 ,

220 2229 352 2285 oratione
380 2233 452 2303 opes
480 2233 582 2286 eorum
611 2228 793 2286 concusserit
819 2245 908 2302 quam
935 2229 1092 2286 Leuctrica
1117 2234 1246 2305 pr'rgnai.⁸

218 2336 295 2391 Tum
321 2335 401 2392 enim
426 2335 565 2409 perfecit,
587 2335 670 2410 quod
695 2343 762 2409 post
783 2335 927 2408 apparuit,
949 2345 981 2392 ut
1002 2335 1111 2393 auxilio
1134 2337 1228 2394 Lace-

169 2461 197 2491 20
219 2437 371 2497 daemonii
392 2440 539 2497 sociorum
561 2446 753 2515 privarentur.

258 2547 328 2604 Vll.
358 2546 460 2603 Fuisse
498 2547 661 2621 patientem
702 2550 881 2620 suorumque
920 2545 1039 2604 iniririas
1081 2546 1227 2606 serentem

219 2652 335 2723 civium,
360 2651 442 2725 quod
470 2656 501 2709 se
530 2653 642 2727 patriae
670 2657 756 2709 irasci
784 2651 871 2709 nefas
899 2670 963 2709 esse
993 2652 1126 2724 duceret,
1152 2653 1227 2711 haec

218 2768 285 2816 sunt
313 2758 489 2816 testimonia.
546 2758 623 2815 Cum
651 2776 719 2815 eum
748 2767 870 2832 propter
897 2757 1039 2815 invidiam
1071 2763 1150 2817 circs
1182 2766 1228 2817 sui

218 2865 378 2938 praeficere
403 2863 544 2922 exercitui
568 2863 729 2921 noluissent
752 2862 871 2938 duxque
897 2873 974 2921 esset
999 2863 1133 2922 delectus
1159 2865 1227 2923 belli

168 2994 193 3039 ²5
217 2969 378 3044 imperitus,
408 2971 489 3027 citius
519 2974 616 3027 errore
645 2973 691 3027 res
720 2974 757 3026 eo
786 2978 863 3026 esset
892 2967 1031 3040 deducta,
1061 2980 1094 3027 ut
1121 2974 1226 3028 omnes

218 3074 257 3133 de
285 3053 377 3133 salute
406 3075 657 3150 pertimescerent,
687 3073 768 3148 quod
800 3075 933 3132 locorum
964 3075 1105 3149 angustiis
1137 3075 1227 3133 clausi

217 3181 255 3239 ab
283 3181 415 3239 hostibus
448 3179 667 3252 obsidebantur,
696 3178 857 3238 desiderari
887 3189 995 3254 coepta
1027 3190 1072 3238 est
1105 3182 1225 3254 Epami-

217 3287 335 3345 nondae
361 3286 532 3361 diligentia,
560 3295 623 3343 erat
648 3285 727 3343 enim
753 3285 794 3343 ibi
815 3290 942 3360 privatus
967 3290 1091 3344 numero
1117 3287 1225 3344 mssitis.

217 3379 243 3450 Ᾰ
271 3399 330 3468 quo
358 3412 426 3450 cum
456 3402 592 3467 peterent
619 3410 719 3467 opem,
747 3391 857 3449 millam
886 3392 1021 3450 adhibuit
1049 3394 1226 3451 memoriam

167 3517 195 3561 30
218 3501 414 3557 contumeliae
454 3509 484 3556 et
521 3499 683 3556 exercitum
718 3498 874 3556 obsidione
910 3498 1064 3556 liberatum
1100 3498 1224 3557 domum

218 3604 334 3663 reduxit
358 3583 549 3662 incolumem.
592 3605 658 3662 Nec
682 3609 752 3662 vero
778 3604 836 3662 hoc
861 3604 953 3661 semel
978 3604 1063 3675 fecit,
1086 3604 1140 3662 sed
1162 3624 1224 3663 sae-

217 3711 292 3785 pius,
336 3711 466 3768 Maxime
487 3721 586 3767 autem
609 3710 663 3768 suit
683 3711 813 3781 inlustre,
835 3727 904 3766 cum
930 3709 960 3766 in
983 3710 1225 3784 PeloponnESum
