2574 4146
458 732 509 790 rx.
545 716 700 791 conon.
802 772 813 796 ,

119 919 142 975 Ι.
171 916 281 975 Conen
310 917 497 975 Atheniensis
529 916 746 992 Peloponnesii>
778 919 856 977 bello
888 920 1012 978 accessit
1043 919 1082 977 ad

74 1041 139 1080 rem
168 1023 328 1097 pfiblicam,
350 1023 381 1080 in
406 1028 501 1097 eeque
527 1023 589 1081 eius
617 1041 709 1098 opera
734 1029 832 1099 megni
854 1024 926 1097 fuit;
954 1044 1023 1082 nam
1053 1035 1083 1083 et

74 1140 197 1204 praetor
239 1129 426 1205 pedestribus
464 1130 641 1188 exercitibus
683 1118 808 1205 praefuit
850 1141 879 1189 et
917 1131 1082 1206 praefectus

75 1235 177 1292 classis
206 1240 328 1309 megnas
356 1241 428 1291 mari
461 1239 506 1292 res
536 1236 635 1310 gessit.
678 1237 760 1310 Ques
790 1237 830 1295 ob
861 1243 963 1295 causes
999 1255 1081 1312 prae-

75 1340 181 1415 cipuus
217 1346 245 1397 ei
280 1339 375 1397 hones
410 1341 527 1399 habitus
562 1350 614 1399 est.
671 1342 809 1416 Namque
841 1343 978 1401 omnibus
1008 1349 1083 1401 finus
1108 1372 1118 1418 5

73 1447 177 1503 insulis
205 1445 341 1520 praefuit,
365 1445 396 1502 in
424 1451 482 1520 que
509 1452 656 1519 potestete
685 1447 792 1505 Pheres
820 1449 909 1522 cepit,
934 1450 1082 1507 coloniam

75 1551 395 1610 Lacedaemonierum.
452 1551 519 1609 Fuit
556 1552 646 1635 etiam
688 1558 822 1611 extremo
864 1555 1083 1628 Peloponnesie

75 1659 162 1716 belle·
184 1667 313 1732 praetor,
336 1676 404 1714 curn
430 1657 508 1732 apud
534 1660 631 1733 Aegos
657 1658 765 1716 flemen
791 1659 897 1732 cepiae
922 1659 1082 1717 Athenien-

74 1764 153 1821 sium
181 1763 220 1821 ab
250 1763 402 1836 Lysandre
431 1773 498 1820 sunt
523 1763 666 1821 devictae.
710 1763 768 1822 Sed
794 1773 856 1821 tum
882 1764 962 1835 afuit,
988 1771 1083 1840 eeque

74 1869 162 1943 peius
190 1872 238 1925 res
263 1868 466 1926 administreta
490 1879 534 1926 est
544 1890 553 1942 3
582 1888 651 1926 nam
677 1880 707 1927 et
732 1868 862 1945 predens
887 1877 929 1927 rei
954 1871 1083 1928 militetis
1108 1887 1134 1916 10

76 1984 107 2031 et
135 1973 261 2048 dssigens
289 1985 351 2032 erat
379 1975 547 2049 imperetor.
589 1976 695 2048 Itaque
722 1976 833 2032 nemini
860 1986 922 2032 erat
939 1982 980 2034 eis
1008 1986 1081 2034 tem-

75 2080 198 2154 poribus
227 2078 361 2151 dubinm,
383 2086 406 2137 si
433 2078 583 2151 adfuisset,
606 2081 683 2137 illam
712 2080 909 2138 Athenienses
934 2082 1082 2140 calamite-

76 2195 138 2242 tem
161 2190 339 2260 acceptures
360 2190 421 2242 nen
443 2185 540 2244 fuisse.

118 2292 161 2349 ΙΙ.
191 2291 294 2348 Rebus
315 2301 414 2348 autem
435 2290 569 2362 adflictiS,
592 2308 660 2348 cum
686 2291 809 2365 patriam
835 2292 964 2350 obsideri
987 2292 1081 2350 audis-

76 2407 130 2466 set,
156 2401 220 2453 nen
245 2396 387 2470 quaesivit
409 2397 460 2455 ubi
484 2397 548 2472 ipse
573 2401 636 2453 trite
663 2403 783 2468 viveret,
808 2398 862 2455 sed
891 2398 970 2456 unde
998 2417 1082 2474 prae·
1108 2411 1132 2457 15

76 2503 154 2560 sidie
190 2512 292 2577 posset
326 2520 390 2560 esse
422 2503 533 2560 civibus
565 2508 632 2559 suis.
689 2504 794 2576 Itaque
825 2505 949 2561 contulit
978 2509 1010 2562 se
1044 2504 1082 2562 ad

78 2608 311 2680 Phamabezum,
346 2619 494 2683 satrapem
536 2609 638 2666 leniae
680 2618 710 2666 et
748 2608 859 2684 Lydiae
894 2608 1083 2684 eundemque

77 2731 222 2788 generum
250 2714 327 2788 regis
355 2724 385 2772 et
413 2721 631 2789 propinquum3
666 2714 746 2789 apud
774 2733 863 2788 quem
891 2725 923 2773 ut
958 2716 1083 2773 multum

78 2820 171 2894 gretia
201 2820 321 2891 valeret,
350 2821 442 2878 multe
476 2821 577 2879 labere
608 2820 765 2894 multisque
800 2820 903 2878 effecit
938 2821 1082 2896 periculis.

80 2926 159 2982 Nam
176 2944 244 2983 cum
265 2924 493 2984 Lacedaemonii
509 2926 736 2985 Atheniensibus
753 2926 877 2984 devictis
894 2927 925 2983 in
942 2928 1083 2985 societete
1107 2943 1134 2972 ²0

81 3035 140 3087 nen
172 3034 336 3103 manerent,
365 3050 453 3106 quam
484 3051 553 3090 cum
586 3034 744 3090 Artaxerxe
780 3032 923 3104 fecerant,
954 3034 1082 3108 Agesile-

82 3153 190 3209 umque
219 3136 359 3195 belletum
388 3138 534 3196 misissent
561 3139 591 3195 in
622 3138 731 3209 Asiam,
760 3139 888 3196 maxime
919 3138 1037 3213 impulsi
1067 3145 1084 3196 e

83 3241 287 3316 Tissapheme‚
302 3249 353 3317 qui
372 3260 409 3300 ex
425 3234 534 3301 iniimis
551 3244 627 3318 regis
647 3244 685 3302 ab
702 3244 831 3301 amicitie
847 3244 908 3301 eius
928 3243 1084 3302 defecerat

85 3356 204 3405 etcum
230 3347 474 3406 Lacedaemoniis
499 3350 611 3407 coierat
636 3350 819 3420 societatem,
842 3349 920 3405 hunc
945 3349 1084 3407 adversus

86 3451 287 3512 Phamabezus
315 3455 431 3512 habitus
459 3465 503 3513 est
531 3456 699 3530 imperetor,
729 3459 759 3512 re
788 3454 909 3529 quidem
936 3459 1007 3513 vere
1034 3474 1082 3512 ex·
1107 3473 1132 3518 ²5

87 3559 184 3616 ercitui
208 3558 335 3634 praefuit
360 3560 468 3618 Conen
491 3561 611 3635 Eiusque
637 3562 737 3619 omnia
759 3561 878 3619 arbitrie
902 3571 987 3635 gesta
1008 3572 1083 3620 sunt.

90 3663 143 3720 Hic
167 3666 293 3724 multum
318 3665 425 3724 ducem
447 3686 595 3725 summum
616 3668 783 3743 Agesileum
805 3667 960 3742 impedivit
981 3686 1082 3742 saepe-

590 3805 620 3852 41
