2574 4146
112 216 166 336 it]
567 266 735 322 nonanus
1130 261 1172 346 87

115 444 304 502 familiaribus
333 441 557 517 dispertirentur
584 453 614 501 et
638 459 753 501 summa
777 444 884 502 tradita
909 454 986 503 esset
1010 446 1122 504 tuenda

116 549 221 620 eidem,
258 555 306 606 cui
344 547 511 606 Alexander
548 549 676 606 moriens
710 549 830 607 anulum
866 569 951 608 suum
986 550 1121 624 dederat,

116 654 375 713 Perdiccae-ex
405 659 466 728 que
495 659 598 712 omnes
627 655 816 713 coniecerant
844 673 912 715 eum
941 660 1064 732 regnum
1094 664 1122 716 ei

116 761 308 832 commisisse,
330 760 430 833 quoad
457 759 542 818 liberi
570 761 633 818 eius
663 760 693 817 in
717 779 800 818 suam
826 762 947 819 tatelam
973 764 1120 837 pervenis·

115 877 178 924 sent
188 888 198 940 3
227 867 330 924 aberat
358 866 438 923 enim
463 865 601 924 Crateros
626 875 656 923 et
680 866 842 941 Antipater,
868 873 919 941 qui
943 869 1121 927 antecedere
1146 897 1156 944 5

116 973 192 1029 hunc
217 972 414 1044 videbantur,
443 981 574 1029 mortuus
601 982 663 1029 erat
693 973 887 1047 Hephaestie,
911 991 1001 1048 quem
1029 979 1121 1033 anum

115 1078 291 1149 Alexander,
316 1077 398 1152 quod
423 1076 508 1134 facile
532 1077 662 1152 intellegi
686 1088 796 1152 posset,
818 1078 935 1163 plerimi
957 1079 1121 1138 iecerat-

116 1184 171 1241 hac
200 1195 337 1258 tempore
365 1182 436 1241 data
464 1193 508 1241 est
543 1184 670 1241 Eumeni
704 1183 899 1258 Cappadocia
932 1185 993 1242 sive
1023 1186 1120 1260 potius

117 1288 213 1362 dicta;
246 1307 316 1346 nam
349 1300 410 1347 tum
439 1289 471 1346 in
499 1289 626 1347 hostiurn
656 1299 719 1347 erat
746 1296 903 1363 potestate.
946 1292 1037 1348 Hunc
1065 1291 1120 1350 sibi

118 1395 272 1453 Perdiccas
315 1395 488 1454 adilinxerat
529 1385 637 1470 magite
672 1395 780 1466 studie,
816 1395 898 1470 quod
935 1397 966 1453 in
1000 1396 1120 1455 homine
1145 1418 1171 1449 ιο

117 1501 203 1558 fidem
235 1511 266 1558 et
299 1499 471 1558 industriam
505 1507 642 1574 magnam
674 1500 803 1572 videbat,
833 1507 893 1558 nen
921 1500 1068 1574 dubitanS,
1096 1509 1121 1560 si

118 1624 179 1663 eum
210 1606 390 1682 pellexisset,
416 1611 524 1681 magne
552 1611 616 1664 risui
644 1606 706 1663 sore
734 1606 791 1664 sibi
815 1607 845 1664 in
871 1613 912 1664 eis
937 1609 1023 1666 rebus
1047 1614 1120 1682 quas

118 1713 284 1787 apparabat.
327 1712 485 1786 Cegitabat
514 1712 603 1782 enim,
625 1710 707 1785 quod
732 1712 793 1770 fere
817 1717 921 1770 omnes
950 1714 979 1770 in
1007 1719 1120 1788 magnis

118 1818 242 1893 imperiis
281 1823 504 1892 concupiscunt,
533 1818 666 1875 omnium
701 1822 799 1892 partes
841 1819 988 1892 corripere
1031 1831 1119 1894 atque

119 1925 281 1999 complecti.
327 1924 434 1996 Neque
465 1927 535 1980 vere
565 1923 623 1980 hec
651 1923 698 1980 ille
727 1923 806 1981 selus
834 1924 918 1995 fecit,
947 1925 1000 1982 sed
1028 1930 1120 1984 ceteri
1144 1952 1168 1999 ις

119 2046 230 2105 quoque
255 2034 369 2100 omnes,
393 2035 444 2103 qui
465 2028 623 2086 Alexandri
645 2030 758 2086 fuerant
786 2036 881 2087 amici.
924 2032 1037 2090 Primus
1064 2034 1118 2091 Le-

119 2143 238 2195 onnatus
265 2135 477 2193 Macedoniam
506 2140 727 2209 praeoccupare
755 2135 921 2194 destinavit.
964 2138 994 2194 Is
1022 2139 1119 2196 multis

119 2249 286 2318 magnisque
312 2241 573 2316 pollicitationibus
596 2240 773 2315 persuadere
797 2243 924 2299 Eumeni
945 2243 1065 2315 studuit,
1086 2254 1119 2302 ut

120 2347 289 2405 Perdiccam
315 2346 464 2405 desereret
489 2365 524 2403 ac
553 2351 654 2404 secum
679 2349 789 2405 iaceret
817 2348 999 2407 societatem.
1041 2351 1119 2409 Cum

118 2454 277 2526 perdicere
314 2471 382 2510 eum
417 2458 477 2510 nen
513 2463 622 2527 posset,
652 2453 817 2511 interficere
852 2459 975 2512 cenatus
1010 2465 1063 2527 est,
1089 2466 1119 2514 et
1140 2484 1168 2515 20

119 2557 246 2631 lecisset,
268 2559 325 2616 nisi
350 2559 397 2615 ille
422 2559 498 2615 clam
523 2563 614 2616 nocta
639 2576 675 2615 ex
697 2558 849 2633 praesidiis
870 2560 932 2618 eius
954 2561 1117 2636 effugisset.

151 2668 209 2724 ΙΙΙ.
249 2666 372 2722 Interim
401 2665 529 2722 centlata
561 2675 627 2722 sunt
659 2665 707 2721 illa
737 2666 822 2737 bella,
850 2685 927 2740 quae
958 2667 998 2725 ad
1028 2669 1117 2726 inter·

119 2772 271 2827 necionem
299 2780 368 2844 post
390 2770 550 2828 Alexandri
581 2780 706 2828 mortem
737 2781 820 2846 gesta
850 2782 926 2844 sunt,
954 2778 1117 2847 omnesque

120 2882 326 2936 concurrerunt
357 2877 394 2934 ad
428 2877 600 2934 Perdiccam
635 2877 874 2951 opprimendum.
930 2880 1028 2953 Quem
1064 2888 1118 2938 etsi

118 2984 264 3041 infirmum
286 2981 415 3053 videbat,
434 2981 515 3056 quod
536 2987 611 3040 imus
633 2983 769 3041 omnibus
790 2984 924 3042 resistere
947 2987 1116 3060 erigebatur,
1140 3015 1165 3060 ²5

121 3097 212 3146 tamen
234 3095 363 3146 amicum
386 3094 446 3145 nen
467 3089 595 3146 deseruit
616 3107 713 3162 neque
738 3089 836 3147 sallitis
862 3108 950 3165 quam
973 3090 1043 3149 fidei
1064 3093 1117 3151 suit

121 3195 257 3268 cupidior.
315 3194 405 3251 Praei
408 3199 507 3250 ecerat
542 3194 620 3249 hunc
657 3193 814 3252 Perdiccas
852 3200 881 3252 ei
917 3202 993 3268 parti
1031 3197 1118 3254 Asiae

122 3314 187 3371 quae
216 3301 295 3356 inter
321 3301 450 3356 Taurum
484 3304 616 3356 mentem
648 3299 725 3356 iacet
756 3312 845 3374 atque
878 3302 1116 3377 Hellespontum,

123 3413 146 3458 et
173 3405 255 3461 illum
290 3409 381 3461 anum
413 3414 593 3478 opposuerat
629 3406 791 3478 Eurepaeis
824 3406 1017 3479 'adversariis;
1053 3409 1116 3483 ipse

125 3507 281 3583 Aegyptum
303 3514 505 3583 oppiignatum
527 3508 664 3566 adversus
689 3510 890 3568 Ptolemaeum
915 3523 977 3570 erat
1001 3515 1116 3588 profec-
1140 3546 1167 3590 30

127 3620 172 3670 tus,
213 3616 361 3672 Eumenes
390 3633 458 3671 cum
486 3633 582 3689 neque
611 3621 731 3689 magnas
760 3617 860 3691 capias
888 3636 985 3693 neque
1014 3619 1117 3679 sirmas

129 3713 245 3790 haberet,
271 3720 352 3794 quod
381 3731 411 3778 et
439 3722 647 3778 inexercitatae
676 3732 704 3777 et
733 3727 792 3778 nen
821 3724 914 3781 multe
942 3735 1009 3783 ante
1035 3737 1117 3785 erant
