2574 4146
107 267 191 332 vm]
523 266 778 317 sunuruounas
1135 268 1176 336 73

111 442 281 500 exercitum
315 441 446 498 doxisset
479 439 617 498 adversus
656 438 910 498 Lacedaemonios
946 440 1127 516 haboretque

112 547 257 622 conlogos
284 546 368 617 duos,
394 551 519 621 quorum
544 547 618 603 alter
643 556 705 604 erat
731 545 898 622 Pelopidis,
919 546 964 604 vir
987 546 1069 605 fortis
1090 565 1126 604 ac

112 659 263 711 stronuus
678 735 681 739 .

158 761 203 816 Hi
230 777 301 816 cum
330 757 499 815 criminibus
528 758 758 816 adversariorum
790 763 893 818 omnes
924 760 954 816 in
985 759 1126 845 invidiam

113 866 267 924 vonissent
295 863 335 922 ob
363 881 489 938 eamque
518 882 581 921 rem
610 865 767 939 imperium
785 871 826 923 eis
851 875 928 924 esset
952 865 1126 940 abrogotum
1150 887 1160 935 5

113 983 207 1046 atque
229 972 260 1028 in
282 975 385 1028 eorum
406 971 505 1027 locum
526 971 575 1028 alii
597 975 747 1046 praetores
769 972 986 1041 successissent,
1006 973 1125 1046 Epami-

114 1076 234 1135 nondais
259 1077 362 1151 populi
386 1081 460 1133 scito
484 1080 545 1133 non
570 1077 666 1150 potuit
690 1077 830 1152 idemque
854 1087 887 1135 ut
908 1078 1038 1140 facerent
1059 1095 1123 1152 per-

114 1184 209 1242 suaisit
226 1182 366 1257 conlegis,
382 1191 412 1239 et
430 1181 539 1240 bellum
557 1183 638 1257 quod
657 1188 827 1258 susceperat
845 1183 942 1258 gessit.
987 1184 1125 1258 Namque

116 1287 385 1359 animadvertobat,
407 1287 462 1346 ni'si
484 1286 516 1344 id
542 1288 675 1360 focisset,
697 1294 792 1346 totum
819 1290 978 1347 exereitum
1004 1299 1126 1364 propter

115 1399 289 1470 praetorum
328 1393 558 1468 improdentiam
595 1395 801 1469 inscitiamque
843 1395 913 1453 belli
953 1395 1125 1469 periturum.
1150 1417 1176 1446 10

117 1502 183 1558 Lox
209 1510 273 1558 erat
296 1500 417 1572 Thobis,
437 1517 514 1574 quae
539 1511 633 1558 morte
660 1501 811 1572 multobat,
833 1507 857 1557 si
881 1501 945 1574 quis
970 1501 1125 1575 imperium

115 1607 229 1665 diritius
256 1605 423 1663 retinuisset
453 1624 543 1680 quam
575 1607 639 1681 loge
671 1607 863 1681 praefinitum
895 1606 979 1664 soret.
1037 1609 1125 1664 Hanc

117 1711 347 1787 Epaminondos
369 1730 437 1768 curn
459 1718 501 1768 rei
522 1712 658 1786 publicae
681 1712 902 1770 conservandae
924 1718 1013 1770 causo
1036 1713 1126 1770 lotam
1214 1768 1222 1784 ,

115 1819 245 1889 vidoret,
266 1816 306 1875 ad
331 1818 493 1892 perniciem
518 1818 642 1875 civitotis
668 1819 793 1876 conferri
817 1819 911 1876 noluit
936 1829 1127 1892 etquattuor

116 1925 271 1982 monsibus
293 1922 402 1981 diotius
423 1941 512 1998 quam
533 1924 659 1998 populus
680 1925 801 1981 iusserat
822 1924 912 1999 gessit
933 1924 1098 1999 imperium.
1152 1947 1175 1993 15

160 2031 248 2088 VIII.
282 2031 442 2104 Postquam
478 2028 599 2086 domum
635 2028 763 2086 reditum
798 2040 853 2101 est,
888 2030 1029 2105 conlegae
1065 2031 1126 2087 oius

69 2169 71 2180 ·
118 2135 178 2192 hoc
207 2134 331 2193 erimine
360 2135 580 2192 aceosaibantur.
624 2135 738 2207 Quibus
763 2135 811 2192 ille
836 2136 977 2209 permisit,
1003 2146 1035 2192 ut
1063 2154 1125 2192 om-

91 2230 189 2299 'nem
214 2259 336 2298 causam
361 2241 391 2297 in
415 2245 447 2298 so
468 2241 657 2298 tronsserrent
679 2246 788 2314 suoque
811 2246 903 2315 opero
924 2242 1034 2298 Iactum
1056 2260 1126 2298 con-

118 2347 289 2418 tenderent,
314 2356 347 2404 ut
374 2346 432 2421 logi
456 2351 517 2403 non
543 2346 725 2404 oboedirent.
771 2346 838 2418 Quo
866 2346 1045 2404 desonsione
1074 2346 1127 2404 illis

118 2454 253 2529 periculo
277 2453 416 2523 liberotis,
431 2456 520 2509 nomo
547 2451 785 2526 Epaminondam
811 2457 1018 2527 responsorum
1044 2458 1126 2526 puto·
1150 2479 1179 2508 20

119 2560 180 2632 bat,
202 2558 286 2634 quod
310 2558 383 2632 quid
407 2557 520 2616 diceret
545 2563 606 2614 non
628 2558 756 2616 haboret.
800 2560 839 2616 At
860 2559 908 2616 ille
932 2560 962 2615 in
986 2558 1128 2616 iodicium

119 2667 210 2738 vonit,
232 2665 306 2722 nihil
327 2669 429 2722 eorum
451 2665 568 2739 negovit
589 2683 665 2739 quae
686 2665 846 2722 adversorii
870 2665 984 2722 crimini
1008 2664 1127 2736 dabant,

120 2772 282 2845 omniaque
318 2788 395 2845 quae
430 2771 571 2844 conlegae
607 2770 742 2827 dixerant
773 2771 924 2828 consessus
956 2780 1000 2828 est
1031 2788 1128 2845 neque

120 2876 268 2935 recosovit
296 2875 454 2949 quominus
482 2876 553 2950 logis
583 2893 711 2950 poenam
740 2876 858 2946 subiret,
887 2875 941 2933 sed
968 2880 1059 2933 onum
1091 2875 1129 2934 ab

114 2989 154 3041 eis
175 2982 291 3057 petivit,
312 2991 345 3039 ut
366 2981 396 3038 in
417 2981 552 3056 sepulcro
574 2987 627 3039 suo
648 2982 858 3040 inscriberent:
1152 3008 1178 3054 ²5

161 3092 179 3120 ‘⁴
191 3086 417 3162 Epaminondos
435 3092 453 3144 o
468 3087 618 3145 Thobonis
637 3097 731 3144 morte
751 3088 888 3145 multatus
910 3097 963 3158 est,
979 3086 1060 3162 quod
1075 3092 1129 3145 eos

123 3194 222 3270 coogit
250 3191 332 3268 apud
358 3193 483 3250 Leuctra
506 3199 643 3268 superore
669 3192 932 3265 Lacedaemonios,
959 3199 1033 3268 quos
1061 3203 1128 3251 ante

124 3305 153 3357 so
187 3301 401 3373 imperatorem
434 3305 524 3356 nomo
557 3302 736 3356 Boeotorum
767 3317 852 3356 ausus
877 3300 914 3356 sit
943 3300 1074 3373 aspicere
1100 3300 1130 3355 in

126 3405 197 3476 acio,
219 3402 361 3479 quodque
386 3408 446 3461 imo
471 3405 584 3478 proelio
607 3409 668 3461 non
693 3406 788 3462 solum
812 3405 930 3463 Thobos
952 3405 990 3463 ab
1012 3405 1130 3462 interito

128 3511 253 3581 retroxit,
291 3507 345 3567 sed
380 3510 470 3567 etiam
504 3511 669 3568 finiversam
706 3512 863 3568 Graeciam
898 3512 928 3568 in
964 3512 1130 3569 libortotem
1153 3540 1181 3584 30

129 3616 285 3674 vindicovit
316 3619 412 3690 eoque
445 3620 490 3673 ros
523 3593 713 3690 utrorumque
749 3616 896 3690 perduxit,
930 3627 962 3673 ut
995 3617 1131 3674 Thoboni

131 3721 260 3796 Spartam
295 3726 510 3796 oppugnorent‚
546 3721 775 3779 Lacedaemonii
812 3723 881 3780 satis
920 3723 1073 3793 haborent,
1107 3727 1131 3779 si
