<?xml version="1.0" encoding="UTF-8"?>
<!DOCTYPE html PUBLIC "-//W3C//DTD XHTML 1.0 Transitional//EN"
    "http://www.w3.org/TR/xhtml1/DTD/xhtml1-transitional.dtd">
<html xmlns="http://www.w3.org/1999/xhtml" xml:lang="en" lang="en">
 <head>
  <title>
</title>
<meta http-equiv="Content-Type" content="text/html;charset=utf-8" />
  <meta name='ocr-system' content='tesseract 3.04.00' />
  <meta name='ocr-capabilities' content='ocr_page ocr_carea ocr_par ocr_line ocrx_word'/>
</head>
<body>
  <div class='ocr_page' id='page_1' title='image "./corneliinepotis02nepogoog_0167.png"; bbox 0 0 2574 4146; ppageno 0'>
   <div class='ocr_carea' id='block_1_1' title="bbox 112 243 1165 315">
    <p class='ocr_par' dir='ltr' id='par_1_1' title="bbox 112 243 1165 315">
     <span class='ocr_line' id='line_1_1' title="bbox 112 243 1165 315; baseline 0.001 -18"><span class='ocrx_word' id='word_1_1' title='bbox 112 259 188 307; x_wconf 80' lang='lat' dir='ltr'>xvir,</span> <span class='ocrx_word' id='word_1_2' title='bbox 200 247 294 311; x_wconf 87' lang='lat' dir='ltr'>xv1u.]</span> <span class='ocrx_word' id='word_1_3' title='bbox 369 243 371 247; x_wconf 78' lang='grc'>’</span> <span class='ocrx_word' id='word_1_4' title='bbox 569 247 716 297; x_wconf 83' lang='lat' dir='ltr'><strong>AITICUS</strong></span> <span class='ocrx_word' id='word_1_5' title='bbox 1109 251 1165 315; x_wconf 82' lang='lat'>131</span> 
     </span>
    </p>
   </div>
   <div class='ocr_carea' id='block_1_2' title="bbox 89 418 1175 3772">
    <p class='ocr_par' dir='ltr' id='par_1_2' title="bbox 113 418 1172 1865">
     <span class='ocr_line' id='line_1_2' title="bbox 113 418 1118 494; baseline -0.002 -16"><span class='ocrx_word' id='word_1_6' title='bbox 113 419 247 479; x_wconf 72' lang='lat' dir='ltr'>iudicare</span> <span class='ocrx_word' id='word_1_7' title='bbox 272 418 394 477; x_wconf 88' lang='lat' dir='ltr'>difficile</span> <span class='ocrx_word' id='word_1_8' title='bbox 417 419 455 477; x_wconf 90' lang='lat' dir='ltr'>sit</span> <span class='ocrx_word' id='word_1_9' title='bbox 481 425 530 476; x_wconf 92' lang='lat' dir='ltr'>cui</span> <span class='ocrx_word' id='word_1_10' title='bbox 557 425 647 477; x_wconf 73' lang='lat' dir='ltr'>uetiti</span> <span class='ocrx_word' id='word_1_11' title='bbox 674 419 761 477; x_wconf 82' lang='lat' dir='ltr'>fuerit</span> <span class='ocrx_word' id='word_1_12' title='bbox 788 419 964 494; x_wconf 90' lang='lat' dir='ltr'>aptissimus.</span> <span class='ocrx_word' id='word_1_13' title='bbox 1007 418 1118 493; x_wconf 87' lang='lat' dir='ltr'>Quam·</span> 
     </span>
     <span class='ocr_line' id='line_1_3' title="bbox 113 523 1119 602; baseline -0.003 -18"><span class='ocrx_word' id='word_1_14' title='bbox 113 544 204 602; x_wconf 92' lang='lat' dir='ltr'>quam</span> <span class='ocrx_word' id='word_1_15' title='bbox 229 544 299 584; x_wconf 91' lang='lat' dir='ltr'>eum</span> <span class='ocrx_word' id='word_1_16' title='bbox 324 524 484 600; x_wconf 71' lang='lat' dir='ltr'>praecipue</span> <span class='ocrx_word' id='word_1_17' title='bbox 509 523 611 583; x_wconf 74' lang='lat' dir='ltr'>dilexit</span> <span class='ocrx_word' id='word_1_18' title='bbox 635 525 752 597; x_wconf 77' lang='lat' dir='ltr'>Cicero,</span> <span class='ocrx_word' id='word_1_19' title='bbox 774 535 807 583; x_wconf 90' lang='lat' dir='ltr'>ut</span> <span class='ocrx_word' id='word_1_20' title='bbox 830 529 869 582; x_wconf 74' lang='lat' dir='ltr'>ne</span> <span class='ocrx_word' id='word_1_21' title='bbox 889 524 976 583; x_wconf 78' lang='lat' dir='ltr'>friter</span> <span class='ocrx_word' id='word_1_22' title='bbox 997 523 1119 598; x_wconf 91' lang='lat' dir='ltr'>quidem</span> 
     </span>
     <span class='ocr_line' id='line_1_4' title="bbox 114 630 1121 705; baseline -0.002 -15"><span class='ocrx_word' id='word_1_23' title='bbox 114 637 142 690; x_wconf 92' lang='lat' dir='ltr'>ei</span> <span class='ocrx_word' id='word_1_24' title='bbox 178 631 309 705; x_wconf 80' lang='lat' dir='ltr'>Quintus</span> <span class='ocrx_word' id='word_1_25' title='bbox 342 631 437 688; x_wconf 72' lang='lat' dir='ltr'>carior</span> <span class='ocrx_word' id='word_1_26' title='bbox 470 630 557 688; x_wconf 84' lang='lat' dir='ltr'>suerit</span> <span class='ocrx_word' id='word_1_27' title='bbox 588 639 639 688; x_wconf 91' lang='lat' dir='ltr'>aut</span> <span class='ocrx_word' id='word_1_28' title='bbox 673 630 849 688; x_wconf 71' lang='lat' dir='ltr'>familiinor.</span> <span class='ocrx_word' id='word_1_29' title='bbox 905 631 943 688; x_wconf 91' lang='lat' dir='ltr'>Ei</span> <span class='ocrx_word' id='word_1_30' title='bbox 976 636 1019 687; x_wconf 96' lang='lat' dir='ltr'>rei</span> <span class='ocrx_word' id='word_1_31' title='bbox 1052 639 1121 688; x_wconf 90' lang='lat' dir='ltr'>sunt</span> 
     </span>
     <span class='ocr_line' id='line_1_5' title="bbox 114 735 1119 812; baseline -0.001 -17"><span class='ocrx_word' id='word_1_32' title='bbox 114 737 227 795; x_wconf 77' lang='lat' dir='ltr'>indicio</span> <span class='ocrx_word' id='word_1_33' title='bbox 255 745 373 812; x_wconf 91' lang='lat' dir='ltr'>praeter</span> <span class='ocrx_word' id='word_1_34' title='bbox 401 741 452 795; x_wconf 75' lang='lat' dir='ltr'>eos</span> <span class='ocrx_word' id='word_1_35' title='bbox 480 736 569 794; x_wconf 79' lang='lat' dir='ltr'>libros</span> <span class='ocrx_word' id='word_1_36' title='bbox 607 736 638 794; x_wconf 89' lang='lat' dir='ltr'>in</span> <span class='ocrx_word' id='word_1_37' title='bbox 666 736 772 810; x_wconf 93' lang='lat' dir='ltr'>quibus</span> <span class='ocrx_word' id='word_1_38' title='bbox 800 735 840 794; x_wconf 74' lang='lat' dir='ltr'>de</span> <span class='ocrx_word' id='word_1_39' title='bbox 867 739 905 794; x_wconf 77' lang='lat' dir='ltr'>eo</span> <span class='ocrx_word' id='word_1_40' title='bbox 936 735 1006 794; x_wconf 82' lang='lat' dir='ltr'>facit</span> <span class='ocrx_word' id='word_1_41' title='bbox 1039 754 1119 794; x_wconf 89' lang='lat' dir='ltr'>men-</span> 
     </span>
     <span class='ocr_line' id='line_1_6' title="bbox 113 840 1156 917; baseline 0.001 -18"><span class='ocrx_word' id='word_1_42' title='bbox 113 843 238 915; x_wconf 79' lang='lat' dir='ltr'>tionem,</span> <span class='ocrx_word' id='word_1_43' title='bbox 277 847 329 916; x_wconf 91' lang='lat' dir='ltr'>qui</span> <span class='ocrx_word' id='word_1_44' title='bbox 366 842 397 899; x_wconf 91' lang='lat' dir='ltr'>in</span> <span class='ocrx_word' id='word_1_45' title='bbox 433 842 536 917; x_wconf 86' lang='lat' dir='ltr'>vulgus</span> <span class='ocrx_word' id='word_1_46' title='bbox 574 851 642 900; x_wconf 94' lang='lat' dir='ltr'>sunt</span> <span class='ocrx_word' id='word_1_47' title='bbox 680 841 762 913; x_wconf 75' lang='lat' dir='ltr'>euin,</span> <span class='ocrx_word' id='word_1_48' title='bbox 800 840 931 900; x_wconf 71' lang='lat' dir='ltr'>sedecim</span> <span class='ocrx_word' id='word_1_49' title='bbox 973 842 1156 911; x_wconf 75' lang='lat' dir='ltr'>voluminas</span> 
     </span>
     <span class='ocr_line' id='line_1_7' title="bbox 114 946 1120 1022; baseline -0.001 -17"><span class='ocrx_word' id='word_1_50' title='bbox 114 947 317 1022; x_wconf 73' lang='lat' dir='ltr'>epistularum,</span> <span class='ocrx_word' id='word_1_51' title='bbox 338 947 378 1005; x_wconf 90' lang='lat' dir='ltr'>ab</span> <span class='ocrx_word' id='word_1_52' title='bbox 404 947 557 1005; x_wconf 75' lang='lat' dir='ltr'>consulati</span> <span class='ocrx_word' id='word_1_53' title='bbox 585 948 648 1005; x_wconf 69' lang='lat' dir='ltr'>eius</span> <span class='ocrx_word' id='word_1_54' title='bbox 674 964 768 1021; x_wconf 90' lang='lat' dir='ltr'>usque</span> <span class='ocrx_word' id='word_1_55' title='bbox 792 946 831 1005; x_wconf 90' lang='lat' dir='ltr'>ad</span> <span class='ocrx_word' id='word_1_56' title='bbox 857 951 1020 1005; x_wconf 74' lang='lat' dir='ltr'>extremum</span> <span class='ocrx_word' id='word_1_57' title='bbox 1045 957 1120 1005; x_wconf 86' lang='lat' dir='ltr'>tem-</span> 
     </span>
     <span class='ocr_line' id='line_1_8' title="bbox 114 1052 1121 1129; baseline 0 -18"><span class='ocrx_word' id='word_1_58' title='bbox 114 1072 170 1129; x_wconf 93' lang='lat' dir='ltr'>pus</span> <span class='ocrx_word' id='word_1_59' title='bbox 195 1052 235 1110; x_wconf 91' lang='lat' dir='ltr'>ad</span> <span class='ocrx_word' id='word_1_60' title='bbox 261 1053 393 1112; x_wconf 90' lang='lat' dir='ltr'>Atticum</span> <span class='ocrx_word' id='word_1_61' title='bbox 417 1059 571 1112; x_wconf 79' lang='lat' dir='ltr'>missarum</span> <span class='ocrx_word' id='word_1_62' title='bbox 582 1074 591 1125; x_wconf 84' lang='lat'>3</span> <span class='ocrx_word' id='word_1_63' title='bbox 619 1071 696 1128; x_wconf 90' lang='lat' dir='ltr'>quae</span> <span class='ocrx_word' id='word_1_64' title='bbox 721 1059 772 1127; x_wconf 90' lang='lat' dir='ltr'>qui</span> <span class='ocrx_word' id='word_1_65' title='bbox 799 1053 886 1128; x_wconf 88' lang='lat' dir='ltr'>legat,</span> <span class='ocrx_word' id='word_1_66' title='bbox 908 1057 969 1111; x_wconf 78' lang='lat' dir='ltr'>non</span> <span class='ocrx_word' id='word_1_67' title='bbox 997 1053 1121 1111; x_wconf 92' lang='lat' dir='ltr'>multum</span> 
     </span>
     <span class='ocr_line' id='line_1_9' title="bbox 115 1158 1154 1233; baseline 0 -17"><span class='ocrx_word' id='word_1_68' title='bbox 115 1158 267 1218; x_wconf 72' lang='lat' dir='ltr'>desideret</span> <span class='ocrx_word' id='word_1_69' title='bbox 304 1159 455 1217; x_wconf 83' lang='lat' dir='ltr'>historiam</span> <span class='ocrx_word' id='word_1_70' title='bbox 494 1168 664 1217; x_wconf 85' lang='lat' dir='ltr'><strong>contextam</strong></span> <span class='ocrx_word' id='word_1_71' title='bbox 702 1165 804 1217; x_wconf 80' lang='lat' dir='ltr'>eorum</span> <span class='ocrx_word' id='word_1_72' title='bbox 840 1168 1018 1233; x_wconf 90' lang='lat' dir='ltr'>temporum.</span> <span class='ocrx_word' id='word_1_73' title='bbox 1074 1160 1121 1217; x_wconf 90' lang='lat' dir='ltr'>Sic</span> <span class='ocrx_word' id='word_1_74' title='bbox 1152 1203 1154 1207; x_wconf 84' lang='lat'><em>.</em></span> 
     </span>
     <span class='ocr_line' id='line_1_10' title="bbox 115 1263 1121 1340; baseline 0 -17"><span class='ocrx_word' id='word_1_75' title='bbox 115 1265 197 1323; x_wconf 91' lang='lat' dir='ltr'>enim</span> <span class='ocrx_word' id='word_1_76' title='bbox 225 1265 326 1324; x_wconf 87' lang='lat' dir='ltr'>omnia</span> <span class='ocrx_word' id='word_1_77' title='bbox 350 1264 390 1323; x_wconf 74' lang='lat' dir='ltr'>de</span> <span class='ocrx_word' id='word_1_78' title='bbox 418 1264 520 1323; x_wconf 90' lang='lat' dir='ltr'>studiis</span> <span class='ocrx_word' id='word_1_79' title='bbox 544 1265 721 1340; x_wconf 86' lang='lat' dir='ltr'>principum,</span> <span class='ocrx_word' id='word_1_80' title='bbox 742 1265 819 1323; x_wconf 92' lang='lat' dir='ltr'>vitiis</span> <span class='ocrx_word' id='word_1_81' title='bbox 843 1263 1121 1336; x_wconf 77' lang='lat' dir='ltr'>ducum,mi1tati6·</span> 
     </span>
     <span class='ocr_line' id='line_1_11' title="bbox 115 1370 1172 1445; baseline -0.001 -17"><span class='ocrx_word' id='word_1_82' title='bbox 115 1371 203 1430; x_wconf 93' lang='lat' dir='ltr'>nibus</span> <span class='ocrx_word' id='word_1_83' title='bbox 231 1376 273 1429; x_wconf 90' lang='lat' dir='ltr'>rei</span> <span class='ocrx_word' id='word_1_84' title='bbox 300 1370 437 1445; x_wconf 76' lang='lat' dir='ltr'>publicae</span> <span class='ocrx_word' id='word_1_85' title='bbox 466 1376 630 1445; x_wconf 88' lang='lat' dir='ltr'>perscripta</span> <span class='ocrx_word' id='word_1_86' title='bbox 658 1380 735 1442; x_wconf 91' lang='lat' dir='ltr'>sunt,</span> <span class='ocrx_word' id='word_1_87' title='bbox 762 1380 796 1428; x_wconf 90' lang='lat' dir='ltr'>ut</span> <span class='ocrx_word' id='word_1_88' title='bbox 822 1370 895 1428; x_wconf 93' lang='lat' dir='ltr'>nihil</span> <span class='ocrx_word' id='word_1_89' title='bbox 926 1371 957 1426; x_wconf 90' lang='lat' dir='ltr'>in</span> <span class='ocrx_word' id='word_1_90' title='bbox 988 1376 1030 1428; x_wconf 91' lang='lat' dir='ltr'>eis</span> <span class='ocrx_word' id='word_1_91' title='bbox 1061 1375 1122 1427; x_wconf 79' lang='lat' dir='ltr'>non</span> <span class='ocrx_word' id='word_1_92' title='bbox 1146 1397 1172 1428; x_wconf 82' lang='grc' dir='ltr'>ιο</span> 
     </span>
     <span class='ocr_line' id='line_1_12' title="bbox 115 1474 1121 1551; baseline 0 -18"><span class='ocrx_word' id='word_1_93' title='bbox 115 1482 260 1551; x_wconf 74' lang='lat' dir='ltr'>appareat</span> <span class='ocrx_word' id='word_1_94' title='bbox 286 1485 317 1534; x_wconf 91' lang='lat' dir='ltr'>et</span> <span class='ocrx_word' id='word_1_95' title='bbox 345 1476 431 1534; x_wconf 86' lang='lat' dir='ltr'>facile</span> <span class='ocrx_word' id='word_1_96' title='bbox 458 1476 617 1534; x_wconf 79' lang='lat' dir='ltr'>existimari</span> <span class='ocrx_word' id='word_1_97' title='bbox 647 1476 741 1550; x_wconf 87' lang='lat' dir='ltr'><strong>possit</strong></span> <span class='ocrx_word' id='word_1_98' title='bbox 771 1474 959 1550; x_wconf 81' lang='lat' dir='ltr'>prudentiam</span> <span class='ocrx_word' id='word_1_99' title='bbox 991 1475 1121 1549; x_wconf 81' lang='lat' dir='ltr'>quodam</span> 
     </span>
     <span class='ocr_line' id='line_1_13' title="bbox 116 1582 1122 1653; baseline -0.002 -13"><span class='ocrx_word' id='word_1_100' title='bbox 116 1583 210 1642; x_wconf 92' lang='lat' dir='ltr'>modo</span> <span class='ocrx_word' id='word_1_101' title='bbox 238 1600 303 1640; x_wconf 90' lang='lat' dir='ltr'>esse</span> <span class='ocrx_word' id='word_1_102' title='bbox 331 1582 552 1640; x_wconf 74' lang='lat' dir='ltr'>divinitionem.</span> <span class='ocrx_word' id='word_1_103' title='bbox 608 1583 678 1640; x_wconf 80' lang='lat' dir='ltr'>Non</span> <span class='ocrx_word' id='word_1_104' title='bbox 707 1582 786 1640; x_wconf 92' lang='lat' dir='ltr'>enim</span> <span class='ocrx_word' id='word_1_105' title='bbox 815 1582 922 1641; x_wconf 79' lang='lat' dir='ltr'>Cicero</span> <span class='ocrx_word' id='word_1_106' title='bbox 950 1599 986 1638; x_wconf 87' lang='lat' dir='ltr'>ea</span> <span class='ocrx_word' id='word_1_107' title='bbox 1018 1582 1122 1653; x_wconf 82' lang='lat' dir='ltr'>solum,</span> 
     </span>
     <span class='ocr_line' id='line_1_14' title="bbox 116 1686 1123 1763; baseline -0.001 -18"><span class='ocrx_word' id='word_1_108' title='bbox 116 1707 193 1763; x_wconf 92' lang='lat' dir='ltr'>quae</span> <span class='ocrx_word' id='word_1_109' title='bbox 214 1693 282 1746; x_wconf 79' lang='lat' dir='ltr'>vivo</span> <span class='ocrx_word' id='word_1_110' title='bbox 303 1693 336 1747; x_wconf 71' lang='lat' dir='ltr'>se</span> <span class='ocrx_word' id='word_1_111' title='bbox 357 1688 537 1758; x_wconf 71' lang='lat' dir='ltr'>acciderunt,</span> <span class='ocrx_word' id='word_1_112' title='bbox 558 1688 654 1745; x_wconf 79' lang='lat' dir='ltr'>futura</span> <span class='ocrx_word' id='word_1_113' title='bbox 674 1687 825 1762; x_wconf 83' lang='lat' dir='ltr'>praedixit,</span> <span class='ocrx_word' id='word_1_114' title='bbox 849 1686 904 1746; x_wconf 92' lang='lat' dir='ltr'>sed</span> <span class='ocrx_word' id='word_1_115' title='bbox 925 1687 1024 1759; x_wconf 90' lang='lat' dir='ltr'>etiam,</span> <span class='ocrx_word' id='word_1_116' title='bbox 1045 1705 1123 1762; x_wconf 88' lang='lat' dir='ltr'>quae</span> 
     </span>
     <span class='ocr_line' id='line_1_15' title="bbox 115 1793 712 1865; baseline -0.002 -14"><span class='ocrx_word' id='word_1_117' title='bbox 115 1812 195 1851; x_wconf 93' lang='lat' dir='ltr'>nunc</span> <span class='ocrx_word' id='word_1_118' title='bbox 216 1798 272 1851; x_wconf 81' lang='lat' dir='ltr'>risu</span> <span class='ocrx_word' id='word_1_119' title='bbox 292 1794 422 1865; x_wconf 88' lang='lat' dir='ltr'>veniunt,</span> <span class='ocrx_word' id='word_1_120' title='bbox 440 1793 549 1851; x_wconf 89' lang='lat' dir='ltr'>cecinit</span> <span class='ocrx_word' id='word_1_121' title='bbox 569 1803 602 1851; x_wconf 90' lang='lat' dir='ltr'>ut</span> <span class='ocrx_word' id='word_1_122' title='bbox 621 1797 712 1850; x_wconf 69' lang='lat' dir='ltr'>vites.</span> 
     </span>
    </p>

    <p class='ocr_par' dir='ltr' id='par_1_3' title="bbox 89 1898 1173 3225">
     <span class='ocr_line' id='line_1_16' title="bbox 156 1898 1171 1973; baseline -0.003 -17"><span class='ocrx_word' id='word_1_123' title='bbox 156 1900 256 1956; x_wconf 90' lang='lat' dir='ltr'>XVII.</span> <span class='ocrx_word' id='word_1_124' title='bbox 286 1899 333 1956; x_wconf 72' lang='lat' dir='ltr'>De</span> <span class='ocrx_word' id='word_1_125' title='bbox 357 1899 468 1973; x_wconf 73' lang='lat' dir='ltr'>pietate</span> <span class='ocrx_word' id='word_1_126' title='bbox 492 1908 590 1956; x_wconf 90' lang='lat' dir='ltr'>autem</span> <span class='ocrx_word' id='word_1_127' title='bbox 616 1899 707 1956; x_wconf 89' lang='lat' dir='ltr'>Attici</span> <span class='ocrx_word' id='word_1_128' title='bbox 731 1898 803 1972; x_wconf 89' lang='lat' dir='ltr'>quid</span> <span class='ocrx_word' id='word_1_129' title='bbox 828 1899 913 1973; x_wconf 80' lang='lat' dir='ltr'>plina</span> <span class='ocrx_word' id='word_1_130' title='bbox 940 1916 1121 1957; x_wconf 90' lang='lat' dir='ltr'>commemo·</span> <span class='ocrx_word' id='word_1_131' title='bbox 1147 1920 1171 1967; x_wconf 76' lang='grc' dir='ltr'>ις</span> 
     </span>
     <span class='ocr_line' id='line_1_17' title="bbox 89 2004 1122 2079; baseline -0.001 -17"><span class='ocrx_word' id='word_1_132' title='bbox 89 2007 101 2027; x_wconf 72' lang='grc'><strong>“</strong></span> <span class='ocrx_word' id='word_1_133' title='bbox 116 2006 202 2063; x_wconf 84' lang='lat' dir='ltr'>rem?</span> <span class='ocrx_word' id='word_1_134' title='bbox 257 2004 335 2063; x_wconf 91' lang='lat' dir='ltr'>Cum</span> <span class='ocrx_word' id='word_1_135' title='bbox 372 2004 430 2062; x_wconf 77' lang='lat' dir='ltr'>hoc</span> <span class='ocrx_word' id='word_1_136' title='bbox 468 2005 566 2079; x_wconf 90' lang='lat' dir='ltr'>ipsum</span> <span class='ocrx_word' id='word_1_137' title='bbox 601 2007 670 2062; x_wconf 72' lang='lat' dir='ltr'>vete</span> <span class='ocrx_word' id='word_1_138' title='bbox 704 2004 879 2078; x_wconf 80' lang='lat' dir='ltr'>gloriantem</span> <span class='ocrx_word' id='word_1_139' title='bbox 913 2004 1057 2062; x_wconf 89' lang='lat' dir='ltr'>audierim</span> <span class='ocrx_word' id='word_1_140' title='bbox 1093 2006 1122 2061; x_wconf 94' lang='lat' dir='ltr'>in</span> 
     </span>
     <span class='ocr_line' id='line_1_18' title="bbox 116 2109 1121 2185; baseline 0 -17"><span class='ocrx_word' id='word_1_141' title='bbox 116 2111 225 2169; x_wconf 86' lang='lat' dir='ltr'>siinere</span> <span class='ocrx_word' id='word_1_142' title='bbox 260 2110 361 2168; x_wconf 75' lang='lat' dir='ltr'>matris</span> <span class='ocrx_word' id='word_1_143' title='bbox 396 2128 475 2181; x_wconf 92' lang='lat' dir='ltr'>suae,</span> <span class='ocrx_word' id='word_1_144' title='bbox 510 2127 600 2184; x_wconf 90' lang='lat' dir='ltr'>quam</span> <span class='ocrx_word' id='word_1_145' title='bbox 623 2109 739 2167; x_wconf 84' lang='lat' dir='ltr'>&#39;extulit</span> <span class='ocrx_word' id='word_1_146' title='bbox 772 2115 916 2168; x_wconf 79' lang='lat' dir='ltr'>annorum</span> <span class='ocrx_word' id='word_1_147' title='bbox 954 2111 1121 2185; x_wconf 68' lang='lat' dir='ltr'>nonaginta,</span> 
     </span>
     <span class='ocr_line' id='line_1_19' title="bbox 116 2215 1122 2291; baseline -0.001 -18"><span class='ocrx_word' id='word_1_148' title='bbox 116 2235 187 2273; x_wconf 91' lang='lat' dir='ltr'>cum</span> <span class='ocrx_word' id='word_1_149' title='bbox 214 2216 280 2291; x_wconf 92' lang='lat' dir='ltr'>ipse</span> <span class='ocrx_word' id='word_1_150' title='bbox 309 2226 386 2273; x_wconf 87' lang='lat' dir='ltr'>esset</span> <span class='ocrx_word' id='word_1_151' title='bbox 414 2225 529 2290; x_wconf 82' lang='lat' dir='ltr'>septem</span> <span class='ocrx_word' id='word_1_152' title='bbox 557 2225 587 2272; x_wconf 89' lang='lat' dir='ltr'>et</span> <span class='ocrx_word' id='word_1_153' title='bbox 614 2215 774 2290; x_wconf 72' lang='lat' dir='ltr'>sexaginti,</span> <span class='ocrx_word' id='word_1_154' title='bbox 802 2220 834 2274; x_wconf 78' lang='lat' dir='ltr'>se</span> <span class='ocrx_word' id='word_1_155' title='bbox 861 2233 1023 2290; x_wconf 83' lang='lat' dir='ltr'>numquam</span> <span class='ocrx_word' id='word_1_156' title='bbox 1054 2234 1122 2272; x_wconf 92' lang='lat' dir='ltr'>cum</span> 
     </span>
     <span class='ocr_line' id='line_1_20' title="bbox 116 2321 1122 2396; baseline 0.002 -17"><span class='ocrx_word' id='word_1_157' title='bbox 116 2328 211 2380; x_wconf 74' lang='lat' dir='ltr'>mitre</span> <span class='ocrx_word' id='word_1_158' title='bbox 243 2321 275 2379; x_wconf 92' lang='lat' dir='ltr'>in</span> <span class='ocrx_word' id='word_1_159' title='bbox 305 2322 428 2396; x_wconf 78' lang='lat' dir='ltr'>gratiam</span> <span class='ocrx_word' id='word_1_160' title='bbox 461 2321 581 2393; x_wconf 88' lang='lat' dir='ltr'>redisse,</span> <span class='ocrx_word' id='word_1_161' title='bbox 609 2339 772 2396; x_wconf 90' lang='lat' dir='ltr'>numquam</span> <span class='ocrx_word' id='word_1_162' title='bbox 803 2339 872 2379; x_wconf 93' lang='lat' dir='ltr'>cum</span> <span class='ocrx_word' id='word_1_163' title='bbox 903 2326 1003 2380; x_wconf 78' lang='lat' dir='ltr'>sorore</span> <span class='ocrx_word' id='word_1_164' title='bbox 1035 2321 1122 2380; x_wconf 87' lang='lat' dir='ltr'>fuisse</span> 
     </span>
     <span class='ocr_line' id='line_1_21' title="bbox 117 2425 1173 2501; baseline -0.002 -17"><span class='ocrx_word' id='word_1_165' title='bbox 117 2429 148 2484; x_wconf 79' lang='lat' dir='ltr'>In</span> <span class='ocrx_word' id='word_1_166' title='bbox 175 2427 334 2498; x_wconf 71' lang='lat' dir='ltr'>simultate,</span> <span class='ocrx_word' id='word_1_167' title='bbox 356 2445 446 2501; x_wconf 90' lang='lat' dir='ltr'>quam</span> <span class='ocrx_word' id='word_1_168' title='bbox 473 2444 568 2501; x_wconf 89' lang='lat' dir='ltr'>prope</span> <span class='ocrx_word' id='word_1_169' title='bbox 595 2426 750 2501; x_wconf 71' lang='lat' dir='ltr'>aequilem</span> <span class='ocrx_word' id='word_1_170' title='bbox 779 2427 917 2486; x_wconf 72' lang='lat' dir='ltr'>habebat.</span> <span class='ocrx_word' id='word_1_171' title='bbox 960 2425 1049 2501; x_wconf 88' lang='lat' dir='ltr'>Quod</span> <span class='ocrx_word' id='word_1_172' title='bbox 1078 2437 1123 2486; x_wconf 89' lang='lat' dir='ltr'>est</span> <span class='ocrx_word' id='word_1_173' title='bbox 1145 2452 1173 2483; x_wconf 71' lang='grc' dir='ltr'>ιο</span> 
     </span>
     <span class='ocr_line' id='line_1_22' title="bbox 118 2532 1121 2608; baseline 0 -17"><span class='ocrx_word' id='word_1_174' title='bbox 118 2539 234 2608; x_wconf 88' lang='lat' dir='ltr'>signum</span> <span class='ocrx_word' id='word_1_175' title='bbox 262 2542 313 2589; x_wconf 92' lang='lat' dir='ltr'>aut</span> <span class='ocrx_word' id='word_1_176' title='bbox 340 2532 449 2590; x_wconf 86' lang='lat' dir='ltr'>millam</span> <span class='ocrx_word' id='word_1_177' title='bbox 478 2549 619 2606; x_wconf 85' lang='lat' dir='ltr'>umquam</span> <span class='ocrx_word' id='word_1_178' title='bbox 648 2533 725 2590; x_wconf 91' lang='lat' dir='ltr'>inter</span> <span class='ocrx_word' id='word_1_179' title='bbox 752 2537 805 2590; x_wconf 79' lang='lat' dir='ltr'>eos</span> <span class='ocrx_word' id='word_1_180' title='bbox 832 2533 1047 2607; x_wconf 79' lang='lat' dir='ltr'>querimoniam</span> <span class='ocrx_word' id='word_1_181' title='bbox 1078 2534 1121 2591; x_wconf 93' lang='lat' dir='ltr'>io-</span> 
     </span>
     <span class='ocr_line' id='line_1_23' title="bbox 119 2639 1121 2715; baseline 0.002 -19"><span class='ocrx_word' id='word_1_182' title='bbox 119 2639 298 2711; x_wconf 89' lang='lat' dir='ltr'>tercessisse,</span> <span class='ocrx_word' id='word_1_183' title='bbox 326 2649 375 2696; x_wconf 91' lang='lat' dir='ltr'>aut</span> <span class='ocrx_word' id='word_1_184' title='bbox 403 2639 481 2696; x_wconf 92' lang='lat' dir='ltr'>hunc</span> <span class='ocrx_word' id='word_1_185' title='bbox 510 2645 546 2696; x_wconf 73' lang='lat' dir='ltr'>ea</span> <span class='ocrx_word' id='word_1_186' title='bbox 577 2639 664 2697; x_wconf 87' lang='lat' dir='ltr'>fuisse</span> <span class='ocrx_word' id='word_1_187' title='bbox 696 2639 727 2696; x_wconf 92' lang='lat' dir='ltr'>in</span> <span class='ocrx_word' id='word_1_188' title='bbox 757 2645 825 2697; x_wconf 78' lang='lat' dir='ltr'>suos</span> <span class='ocrx_word' id='word_1_189' title='bbox 860 2640 1051 2715; x_wconf 74' lang='lat' dir='ltr'>indulgentia,</span> <span class='ocrx_word' id='word_1_190' title='bbox 1080 2651 1121 2713; x_wconf 92' lang='lat' dir='ltr'>ut,</span> 
     </span>
     <span class='ocr_line' id='line_1_24' title="bbox 120 2743 1123 2821; baseline 0.001 -19"><span class='ocrx_word' id='word_1_191' title='bbox 120 2750 193 2818; x_wconf 78' lang='lat' dir='ltr'>quos</span> <span class='ocrx_word' id='word_1_192' title='bbox 221 2749 321 2802; x_wconf 75' lang='lat' dir='ltr'>amare</span> <span class='ocrx_word' id='word_1_193' title='bbox 349 2743 482 2815; x_wconf 72' lang='lat' dir='ltr'>deberet,</span> <span class='ocrx_word' id='word_1_194' title='bbox 504 2750 589 2802; x_wconf 74' lang='lat' dir='ltr'>irasci</span> <span class='ocrx_word' id='word_1_195' title='bbox 605 2750 647 2802; x_wconf 88' lang='lat' dir='ltr'>eis</span> <span class='ocrx_word' id='word_1_196' title='bbox 671 2744 758 2803; x_wconf 72' lang='lat' dir='ltr'>nefas</span> <span class='ocrx_word' id='word_1_197' title='bbox 782 2744 913 2803; x_wconf 76' lang='lat' dir='ltr'>duceret.</span> <span class='ocrx_word' id='word_1_198' title='bbox 957 2745 1063 2821; x_wconf 87' lang='lat' dir='ltr'>Neque</span> <span class='ocrx_word' id='word_1_199' title='bbox 1091 2746 1123 2804; x_wconf 93' lang='lat' dir='ltr'>id</span> 
     </span>
     <span class='ocr_line' id='line_1_25' title="bbox 122 2849 1122 2924; baseline 0.004 -18"><span class='ocrx_word' id='word_1_200' title='bbox 122 2849 195 2908; x_wconf 75' lang='lat' dir='ltr'>iecit</span> <span class='ocrx_word' id='word_1_201' title='bbox 222 2853 326 2907; x_wconf 72' lang='lat' dir='ltr'>natura</span> <span class='ocrx_word' id='word_1_202' title='bbox 355 2849 460 2921; x_wconf 78' lang='lat' dir='ltr'>solum,</span> <span class='ocrx_word' id='word_1_203' title='bbox 490 2868 670 2924; x_wconf 85' lang='lat' dir='ltr'>quamquam</span> <span class='ocrx_word' id='word_1_204' title='bbox 701 2855 805 2908; x_wconf 73' lang='lat' dir='ltr'>omnes</span> <span class='ocrx_word' id='word_1_205' title='bbox 836 2856 864 2907; x_wconf 92' lang='lat' dir='ltr'>ei</span> <span class='ocrx_word' id='word_1_206' title='bbox 893 2855 1040 2924; x_wconf 71' lang='lat' dir='ltr'>paremus,</span> <span class='ocrx_word' id='word_1_207' title='bbox 1069 2853 1122 2910; x_wconf 91' lang='lat' dir='ltr'>sed</span> 
     </span>
     <span class='ocr_line' id='line_1_26' title="bbox 122 2955 1172 3031; baseline 0.001 -19"><span class='ocrx_word' id='word_1_208' title='bbox 122 2955 208 3013; x_wconf 89' lang='lat' dir='ltr'>etiam</span> <span class='ocrx_word' id='word_1_209' title='bbox 237 2955 391 3027; x_wconf 68' lang='lat' dir='ltr'>doctrin2i3</span> <span class='ocrx_word' id='word_1_210' title='bbox 423 2973 492 3013; x_wconf 92' lang='lat' dir='ltr'>nam</span> <span class='ocrx_word' id='word_1_211' title='bbox 521 2956 688 3030; x_wconf 89' lang='lat' dir='ltr'>principum</span> <span class='ocrx_word' id='word_1_212' title='bbox 717 2955 961 3030; x_wconf 79' lang='lat' dir='ltr'>philosophorum</span> <span class='ocrx_word' id='word_1_213' title='bbox 989 2957 1030 3014; x_wconf 91' lang='lat' dir='ltr'>ita</span> <span class='ocrx_word' id='word_1_214' title='bbox 1056 2974 1122 3031; x_wconf 89' lang='lat' dir='ltr'>per·</span> <span class='ocrx_word' id='word_1_215' title='bbox 1146 2982 1172 3029; x_wconf 84' lang='lat'>25</span> 
     </span>
     <span class='ocr_line' id='line_1_27' title="bbox 124 3060 1123 3137; baseline 0.006 -21"><span class='ocrx_word' id='word_1_216' title='bbox 124 3071 207 3136; x_wconf 88' lang='lat' dir='ltr'>cepta</span> <span class='ocrx_word' id='word_1_217' title='bbox 227 3060 331 3119; x_wconf 90' lang='lat' dir='ltr'>habuit</span> <span class='ocrx_word' id='word_1_218' title='bbox 352 3070 521 3135; x_wconf 88' lang='lat' dir='ltr'>praecepta,</span> <span class='ocrx_word' id='word_1_219' title='bbox 542 3070 575 3118; x_wconf 94' lang='lat' dir='ltr'>ut</span> <span class='ocrx_word' id='word_1_220' title='bbox 587 3067 629 3119; x_wconf 91' lang='lat' dir='ltr'>eis</span> <span class='ocrx_word' id='word_1_221' title='bbox 654 3060 693 3119; x_wconf 87' lang='lat' dir='ltr'>ad</span> <span class='ocrx_word' id='word_1_222' title='bbox 713 3067 803 3119; x_wconf 90' lang='lat' dir='ltr'>vitam</span> <span class='ocrx_word' id='word_1_223' title='bbox 824 3061 979 3137; x_wconf 85' lang='lat' dir='ltr'>agendam,</span> <span class='ocrx_word' id='word_1_224' title='bbox 1001 3067 1063 3121; x_wconf 79' lang='lat' dir='ltr'>non</span> <span class='ocrx_word' id='word_1_225' title='bbox 1084 3064 1123 3123; x_wconf 93' lang='lat' dir='ltr'>ad</span> 
     </span>
     <span class='ocr_line' id='line_1_28' title="bbox 125 3166 510 3225; baseline 0.005 -3"><span class='ocrx_word' id='word_1_226' title='bbox 125 3166 350 3225; x_wconf 73' lang='lat' dir='ltr'>ostentationem</span> <span class='ocrx_word' id='word_1_227' title='bbox 371 3171 510 3224; x_wconf 71' lang='lat' dir='ltr'>iteretur.</span> 
     </span>
    </p>

    <p class='ocr_par' dir='ltr' id='par_1_4' title="bbox 128 3272 1175 3772">
     <span class='ocr_line' id='line_1_29' title="bbox 161 3272 1125 3334; baseline 0.004 -4"><span class='ocrx_word' id='word_1_228' title='bbox 161 3273 276 3330; x_wconf 85' lang='lat' dir='ltr'><strong>XVIII.</strong></span> <span class='ocrx_word' id='word_1_229' title='bbox 305 3272 400 3330; x_wconf 75' lang='lat' dir='ltr'>Moris</span> <span class='ocrx_word' id='word_1_230' title='bbox 439 3273 529 3330; x_wconf 87' lang='lat' dir='ltr'>etiarn</span> <span class='ocrx_word' id='word_1_231' title='bbox 563 3273 706 3331; x_wconf 76' lang='lat' dir='ltr'>miiorum</span> <span class='ocrx_word' id='word_1_232' title='bbox 741 3291 873 3331; x_wconf 90' lang='lat' dir='ltr'>summus</span> <span class='ocrx_word' id='word_1_233' title='bbox 907 3273 1037 3333; x_wconf 73' lang='lat' dir='ltr'>imitator</span> <span class='ocrx_word' id='word_1_234' title='bbox 1070 3275 1125 3334; x_wconf 85' lang='lat' dir='ltr'>fuit</span> 
     </span>
     <span class='ocr_line' id='line_1_30' title="bbox 128 3376 1123 3453; baseline 0.009 -23"><span class='ocrx_word' id='word_1_235' title='bbox 128 3378 359 3452; x_wconf 76' lang='lat' dir='ltr'>antiquitatisque</span> <span class='ocrx_word' id='word_1_236' title='bbox 387 3383 509 3448; x_wconf 72' lang='lat' dir='ltr'>amator,</span> <span class='ocrx_word' id='word_1_237' title='bbox 538 3396 626 3452; x_wconf 90' lang='lat' dir='ltr'>quam</span> <span class='ocrx_word' id='word_1_238' title='bbox 654 3379 731 3436; x_wconf 79' lang='lat' dir='ltr'>adeo</span> <span class='ocrx_word' id='word_1_239' title='bbox 759 3376 916 3453; x_wconf 84' lang='lat' dir='ltr'>diligenter</span> <span class='ocrx_word' id='word_1_240' title='bbox 943 3380 1046 3439; x_wconf 90' lang='lat' dir='ltr'>habuit</span> <span class='ocrx_word' id='word_1_241' title='bbox 1073 3387 1123 3440; x_wconf 75' lang='lat' dir='ltr'>co·</span> 
     </span>
     <span class='ocr_line' id='line_1_31' title="bbox 130 3481 1175 3563; baseline 0.007 -26"><span class='ocrx_word' id='word_1_242' title='bbox 130 3481 241 3554; x_wconf 77' lang='lat' dir='ltr'>gnitum,</span> <span class='ocrx_word' id='word_1_243' title='bbox 270 3493 304 3541; x_wconf 93' lang='lat' dir='ltr'>ut</span> <span class='ocrx_word' id='word_1_244' title='bbox 331 3501 398 3540; x_wconf 93' lang='lat' dir='ltr'>eam</span> <span class='ocrx_word' id='word_1_245' title='bbox 425 3489 518 3541; x_wconf 77' lang='lat' dir='ltr'>totam</span> <span class='ocrx_word' id='word_1_246' title='bbox 548 3484 579 3540; x_wconf 87' lang='lat' dir='ltr'>iu</span> <span class='ocrx_word' id='word_1_247' title='bbox 610 3488 646 3541; x_wconf 79' lang='lat' dir='ltr'>eo</span> <span class='ocrx_word' id='word_1_248' title='bbox 678 3484 827 3542; x_wconf 77' lang='lat' dir='ltr'>volumine</span> <span class='ocrx_word' id='word_1_249' title='bbox 859 3486 1036 3560; x_wconf 87' lang='lat' dir='ltr'>exposuerit,</span> <span class='ocrx_word' id='word_1_250' title='bbox 1064 3493 1125 3563; x_wconf 77' lang='lat' dir='ltr'>quo</span> <span class='ocrx_word' id='word_1_251' title='bbox 1147 3514 1175 3559; x_wconf 87' lang='lat'>30</span> 
     </span>
     <span class='ocr_line' id='line_1_32' title="bbox 132 3587 1125 3668; baseline 0.009 -26"><span class='ocrx_word' id='word_1_252' title='bbox 132 3589 306 3663; x_wconf 71' lang='lat' dir='ltr'>magistratus</span> <span class='ocrx_word' id='word_1_253' title='bbox 331 3587 484 3646; x_wconf 78' lang='lat' dir='ltr'>ordinavit.</span> <span class='ocrx_word' id='word_1_254' title='bbox 531 3589 619 3647; x_wconf 77' lang='lat' dir='ltr'>Nulla</span> <span class='ocrx_word' id='word_1_255' title='bbox 643 3590 722 3647; x_wconf 91' lang='lat' dir='ltr'>enim</span> <span class='ocrx_word' id='word_1_256' title='bbox 746 3591 794 3648; x_wconf 75' lang='lat' dir='ltr'>lex</span> <span class='ocrx_word' id='word_1_257' title='bbox 817 3609 914 3665; x_wconf 91' lang='lat' dir='ltr'>neque</span> <span class='ocrx_word' id='word_1_258' title='bbox 942 3597 1000 3667; x_wconf 77' lang='lat' dir='ltr'>pax</span> <span class='ocrx_word' id='word_1_259' title='bbox 1027 3610 1125 3668; x_wconf 91' lang='lat' dir='ltr'>neque</span> 
     </span>
     <span class='ocr_line' id='line_1_33' title="bbox 133 3687 1125 3772; baseline 0.012 -27"><span class='ocrx_word' id='word_1_260' title='bbox 133 3687 230 3752; x_wconf 84' lang='lat' dir='ltr'>bellum</span> <span class='ocrx_word' id='word_1_261' title='bbox 256 3712 354 3768; x_wconf 88' lang='lat' dir='ltr'>neque</span> <span class='ocrx_word' id='word_1_262' title='bbox 378 3698 425 3752; x_wconf 72' lang='lat' dir='ltr'>res</span> <span class='ocrx_word' id='word_1_263' title='bbox 447 3694 574 3752; x_wconf 75' lang='lat' dir='ltr'>inlustris</span> <span class='ocrx_word' id='word_1_264' title='bbox 600 3705 643 3753; x_wconf 86' lang='lat' dir='ltr'>est</span> <span class='ocrx_word' id='word_1_265' title='bbox 669 3697 771 3770; x_wconf 90' lang='lat' dir='ltr'>populi</span> <span class='ocrx_word' id='word_1_266' title='bbox 800 3697 937 3769; x_wconf 72' lang='lat' dir='ltr'>Romaim,</span> <span class='ocrx_word' id='word_1_267' title='bbox 961 3716 1037 3772; x_wconf 90' lang='lat' dir='ltr'>quae</span> <span class='ocrx_word' id='word_1_268' title='bbox 1064 3704 1125 3757; x_wconf 78' lang='lat' dir='ltr'>non</span> 
     </span>
    </p>
   </div>
   <div class='ocr_carea' id='block_1_3' title="bbox 0 0 1307 4146">
    <p class='ocr_par' dir='ltr' id='par_1_5' title="bbox 0 0 1307 4146">
     <span class='ocr_line' id='line_1_34' title="bbox 0 0 1307 4146; baseline 0 0"><span class='ocrx_word' id='word_1_269' title='bbox 0 0 1307 4146; x_wconf 95' lang='lat' dir='ltr'> </span> 
     </span>
    </p>
   </div>
  </div>
 </body>
</html>
