2574 4146
111 235 243 299 xx.‚xx1.]
574 235 720 285 ATrlcus
1110 244 1121 290 r
1128 244 1167 307 33

113 408 234 466 locarat.
279 408 368 465 Hanc
389 407 499 466 Caesar
518 407 566 464 vix
587 407 752 465 anniculam
774 409 819 466 Ti.
842 408 969 468 Claudie
996 411 1117 483 Nert‘mi,

113 513 242 572 Drfisilla
269 501 350 585 uate,
378 517 510 588 privigne
539 518 601 584 sue,
630 513 809 588 despondit;
843 533 920 590 quae
947 516 1118 574 coniunctie

112 617 365 677 necessitudinem
394 621 496 676 eerum
525 619 628 690 sanxit,
651 619 877 678 familiaritatem
906 620 1037 680 reddidit
1061 621 1117 679 sre-

112 724 312 799 quentierem.

152 831 219 888 XX.
249 830 439 904 Quamquam
463 840 532 889 ante
557 830 631 889 haec
656 832 803 906 spensalia
830 837 891 890 nan
918 833 1023 905 salum,
1049 852 1117 892 cum
1142 856 1153 902 5

113 937 152 995 ab
173 937 249 994 urbe
274 937 399 1008 abesset,
420 954 582 1011 numquam
604 936 644 994 ad
664 942 785 995 suerum
806 956 987 1013 quemquam
1007 939 1118 998 litteras

114 1042 202 1113 misit,
232 1047 304 1116 quin
331 1041 430 1100 Attice
458 1042 598 1101 scriberet
636 1041 709 1117 quid
736 1055 846 1119 ageret,
874 1045 1017 1119 imprimis
1045 1047 1117 1120 quid

113 1149 227 1223 legeret
256 1147 420 1222 quibusque
448 1148 479 1205 iu
506 1148 578 1206 locis
599 1159 630 1206 et
654 1167 741 1222 quam
768 1148 819 1205 diii
843 1159 921 1206 esset
946 1155 1117 1220 moratirrus,

113 1253 168 1312 sed
198 1254 297 1325 etiam,
326 1271 394 1311 curn
423 1264 500 1312 esset
528 1254 558 1311 in
586 1255 658 1312 urbe
687 1265 716 1312 et
744 1264 866 1329 propter
892 1257 1024 1314 infinitas
1052 1263 1118 1314 suas

115 1359 328 1434 occupatienes
357 1359 452 1417 minus
480 1377 569 1434 saepe
603 1377 692 1434 quam
720 1360 808 1418 vellet
838 1360 938 1420 Attice
966 1362 1117 1434 frueretur,
1143 1390 1169 1420 ro

115 1465 209 1523 millus
234 1465 299 1523 dies
324 1468 436 1522 temere
462 1465 625 1524 intercessit
648 1471 709 1540 que
734 1471 795 1524 nen
817 1466 946 1524 adeum
968 1469 1117 1540 scriberet,

116 1589 183 1628 cum
209 1571 303 1629 modo
327 1569 438 1645 aliquid
463 1570 502 1629 de
524 1572 696 1646 antiquitate
717 1572 756 1631 ab
776 1577 814 1631 ei>
835 1579 1004 1648 requireret,
1027 1574 1118 1632 modo

117 1677 244 1752 aliquam
278 1677 483 1751 quaestianem
514 1677 664 1752 poeticam
695 1684 723 1735 ei
753 1683 942 1752 prepeneret,
971 1680 1119 1737 interdum

117 1783 215 1842 iocans
238 1783 301 1841 eius
321 1782 505 1842 verbesieres
526 1783 646 1841 eliceret
667 1783 814 1858 epistulas,
858 1786 904 1842 Ex
924 1790 983 1859 que
1000 1785 1118 1857 accidit,

119 1906 183 1946 cum
211 1888 296 1947 aedis
325 1889 404 1947 Iovis
432 1889 555 1946 Feretrii
582 1890 612 1946 in
640 1889 799 1964 Capitalia,
824 1890 862 1948 ab
891 1891 1019 1948 Remuli)
1048 1896 1118 1949 can·
1143 1912 1168 1961 15

119 1995 225 2066 stituta,
253 1999 400 2052 vetustate
434 2004 522 2069 atque
555 1994 667 2052 incuria
698 1994 818 2052 detecta
848 1996 1059 2070 prelaberetur,
1087 2007 1120 2055 ut

119 2100 205 2157 Attici
229 2098 385 2157 admonitii
410 2100 519 2158 Caesar
544 2119 608 2158 eam
632 2100 823 2159 reficiendam
845 2106 969 2160 curaret.
1012 2103 1118 2176 Neque

119 2209 184 2263 vere
210 2211 229 2262 a
254 2206 298 2262 M.
323 2206 453 2263 Antania
478 2206 574 2263 miuus
599 2207 704 2264 absens
730 2206 831 2264 litteris
856 2207 1017 2279 colebatur,
1042 2209 1119 2267 adea

117 2320 146 2368 ut
173 2314 313 2368 accurate
342 2310 389 2369 ille
417 2329 455 2368 ex
481 2310 590 2368 ultimis
618 2317 700 2369 terris
728 2311 800 2385 quid
826 2323 927 2387 ageret
951 2319 1039 2371 cirtae
1064 2315 1119 2373 sibi

115 2414 240 2476 haberet
261 2417 418 2475 certierem
439 2416 537 2474 iacere
562 2417 700 2475 Atticum.
744 2419 814 2475 Hac
836 2419 922 2492 quale
944 2420 989 2490 sit,
1008 2420 1119 2478 facilius
1142 2445 1171 2476 κο

115 2522 294 2580 existimabit
321 2522 345 2579 is
372 2528 422 2596 qui
451 2521 580 2579 iudicare
608 2522 717 2596 poterit
745 2532 872 2596 quantae
897 2525 934 2582 sit
958 2526 1119 2599 sapientiae

113 2633 220 2686 earum
246 2627 373 2684 retinere
402 2633 486 2685 asum
514 2627 819 2703 benevolentiamque,
849 2630 925 2688 inter
953 2636 1026 2704 ques
1058 2637 1119 2690 ma-

113 2735 259 2791 ximarum
299 2737 397 2790 rerum
430 2737 491 2790 nen
529 2732 624 2790 selum
658 2735 826 2803 aemulatie,
855 2735 909 2792 sed
944 2736 1120 2796 obtrectatie

112 2849 197 2896 tanta
222 2838 435 2910 intercedebat,
461 2848 602 2912 quantam
628 2839 681 2896 suit
705 2857 828 2898 necesse
856 2840 932 2897 inter
960 2842 1119 2901 Caesarem

113 2955 205 3018 atque
233 2944 404 3015 Antanium,
431 2962 499 3004 cum
527 2949 559 3002 se
587 2954 709 3018 uterque
739 2946 906 3020 principem
935 2951 997 3004 nen
1025 2948 1118 3006 selum
1142 2975 1168 3021 ²5

114 3050 196 3108 urbis
218 3050 344 3121 Remae,
365 3049 419 3108 sed
441 3050 519 3108 orbis
540 3055 682 3108 terrarum
704 3069 769 3109 esse
790 3061 921 3126 cuperet.

157 3157 238 3213 XXI.
268 3155 333 3213 Tali
364 3154 456 3213 modi>
490 3174 559 3213 curn
594 3166 709 3230 septem
743 3166 774 3214 et
808 3157 993 3232 septuaginta
1027 3164 1120 3217 annes

119 3261 296 3336 complesset
328 3271 416 3336 atque
447 3261 486 3320 ad
518 3266 680 3319 extremam
711 3268 896 3321 senectritem
928 3270 989 3322 nen
1024 3265 1120 3323 minus

121 3365 258 3440 dignitate
280 3385 370 3442 quam
395 3368 486 3441 gratia
509 3369 688 3441 fartunaque
711 3369 1015 3428 crevisset-multas
1041 3372 1120 3429 enim

122 3468 296 3531 hereditates
327 3472 407 3530 milla
437 3473 494 3530 alia
524 3478 555 3531 re
586 3491 675 3546 quam
707 3473 838 3532 bonitate
868 3480 1046 3534 censeciitus
1077 3486 1121 3533 est
1143 3503 1170 3548 30

124 3585 307 3654 —tantaque
335 3579 529 3653 presperitate
558 3584 626 3637 risus
655 3591 732 3638 esset
763 3580 948 3653 valetadinis,
974 3592 1006 3639 ut
1037 3589 1120 3638 annis

126 3685 232 3757 triginta
268 3683 417 3741 medicina
450 3688 511 3742 neu
546 3667 726 3760 indiguisset,
756 3697 860 3744 nactus
895 3697 940 3744 est
974 3686 1119 3757 morbum,
