2574 4146
61 283 102 327 ιιι,
119 285 190 348 ιιι]
520 280 687 332 narauss
1087 272 1124 333 61

67 444 279 532 Paphlagonis.
323 458 368 513 Ea
392 455 462 530 quid
486 461 622 530 ageretur
646 456 753 527 resciit,
776 455 931 529 liliumque
955 457 1078 513 monuit.

69 546 112 604 lile
153 563 219 637 fuga
237 562 401 638 periculum
424 562 541 619 avitavit
562 561 731 635 bellumque
753 560 857 618 indixit
874 561 1000 637 Thuyni.
1043 563 1079 618 ln

71 657 127 723 ‘1¹15
176 688 237 726 cum
273 669 312 727 ab
340 669 546 740 Ariobarzane,
576 669 727 742 praefecta
763 667 874 744 Lydiae
909 678 939 725 et
975 669 1078 726 laniae

72 761 222 849 totiusque
248 774 400 850 Phrygiae,
423 773 555 832 dasertus
580 784 666 844 esset,
689 774 780 831 nihilo
805 775 922 848 segnius
944 780 1077 850 perseva-

71 867 150 934 ravit
171 889 324 957 vivumque
345 880 452 955 Thuyn
474 881 555 955 capit
576 898 645 937 cum
666 886 757 938 uxore
779 892 808 938 et
831 881 937 939 liberis
1103 904 1113 949 5

109 976 176 1045 ΙΙΙ.
202 988 293 1046 Caius
322 986 391 1044 sacti
418 991 456 1044 na
484 987 563 1061 prius
591 987 675 1044 fama
701 986 740 1043 ad
769 992 869 1062 ragem
897 1006 987 1061 quam
1015 988 1078 1062 ipse

68 1085 249 1166 perveniret,
271 1092 356 1151 dedit
377 1110 507 1166 operam.
553 1094 658 1166 Itaque
680 1094 816 1151 omnibus
837 1094 934 1150 insciis
960 1099 1006 1163 eo,
1028 1094 1078 1151 ubi

67 1191 141 1252 erat
166 1204 223 1270 rex,
248 1198 329 1256 vanit
356 1203 536 1273 posteraque
562 1197 611 1255 dia
638 1198 755 1273 Thuyn,
781 1199 932 1255 hominem
960 1199 1079 1256 maximi

63 1296 205 1376 eorporis
230 1304 411 1377 terribilique
436 1303 521 1375 facia,
543 1302 625 1378 quod
650 1314 680 1361 et
704 1304 787 1377 niger
811 1315 840 1361 et
861 1305 968 1377 capilli)
989 1304 1078 1379 longa

63 1380 223 1486 barbaque
246 1419 309 1467 erat
330 1415 482 1484 pramissa
501 1410 614 1484 optima
635 1419 716 1466 veste
738 1410 818 1481 tamt,
833 1428 922 1483 quam
944 1420 1078 1484 satrapae
1104 1437 1129 1468 ιο

56 1503 148 1586 r{gii
172 1534 275 1591 gerere
304 1520 490 1588 causuarant
519 1516 633 1573 ornavit
661 1516 749 1572 etiam
779 1526 883 1590 torque
914 1526 1002 1590 atque
1033 1534 1077 1573 ar-

58 1612 160 1679 ¹1iillis
186 1628 280 1680 aureis
310 1626 469 1696 ceteraque
498 1621 579 1696 ragia
608 1621 706 1692 culta;
742 1621 806 1695 ipse
834 1629 941 1696 agresti
969 1623 1079 1696 duplici

55 1722 202 1785 {amicula
234 1726 435 1784 circumdatus
470 1727 602 1801 hirtaque
638 1727 747 1798 tunica,
775 1732 879 1801 geraus
915 1728 945 1784 in
980 1729 1078 1802 capite

55 1831 188 1903 galeam
209 1834 401 1903 vanatoriam,
419 1833 523 1890 dextra
544 1837 633 1890 mam‘r
654 1833 776 1903 clavam,
797 1834 911 1890 sinistra
931 1835 1078 1908 copulam,

59 1922 119 1993 ita
137 1939 267 1996 vinctum
290 1948 358 1996 ante
380 1943 411 1996 sa
431 1938 588 2014 Thuynem
610 1938 725 2012 agebat,
745 1950 775 1995 ut
796 1945 820 1996 si
841 1939 932 1996 feram
954 1941 1078 1997 bestiam
1103 1963 1127 2010 ις

63 2053 193 2118 captam
227 2044 359 2102 dirueret.
420 2044 506 2117 Quae
534 2062 602 2101 cum
632 2049 736 2102 omnas
765 2045 930 2118 aspicerent
957 2056 1080 2120 propter

64 2149 237 2208 novitatem
266 2154 385 2207 amatas
412 2154 603 2224 ignotamque
632 2150 762 2207 farmam
792 2151 832 2209 ob
862 2168 987 2224 eamque
1016 2170 1079 2209 rem

71 2261 198 2330 magnus
233 2264 311 2312 esset
349 2273 517 2326 concursus,
542 2253 595 2310 fuit
622 2258 683 2309 nan
709 2257 799 2310 namo
828 2259 878 2326 qui
906 2260 1080 2328 agnosceret

67 2358 182 2436 ’lhuyn
208 2365 328 2436 regique
355 2360 511 2418 nuntiaret.
571 2360 668 2417 Prima
696 2364 757 2416 non
788 2359 953 2418 accredidit
980 2360 1079 2434 itaque

76 2466 296 2525 Pharnabazum
321 2466 398 2523 misit
419 2465 611 2539 explaratum.
1102 2492 1130 2524 ιο

116 2558 141 2628 h
170 2576 230 2645 qua
258 2579 291 2628 ut
319 2589 381 2628 rem
405 2579 519 2646 gestam
543 2571 699 2646 comperit,
725 2571 823 2628 statim
846 2570 964 2628 admitti
988 2571 1079 2644 iussit,

79 2681 184 2752 magna
210 2693 301 2750 opere
326 2675 490 2733 delectatus
515 2694 583 2733 cum
608 2676 688 2734 sacta
713 2686 774 2734 tum
800 2681 913 2747 innata,
939 2677 1079 2751 imprimis

79 2781 157 2856 quod
185 2780 294 2839 nabilis
322 2784 373 2838 rex
400 2780 430 2837 in
457 2787 636 2856 potestatem
660 2781 825 2857 inopinanti
849 2786 977 2840 vanerat.
1021 2785 1078 2840 Ita-

78 2904 133 2960 que
159 2885 317 2962 magnifica
342 2887 488 2944 Dataman
511 2884 655 2944 danatum
679 2887 717 2945 ad
739 2887 900 2944 exercitum
921 2888 1007 2958 misit,
1030 2895 1080 2962 qui

80 3000 138 3048 turn
172 2991 403 3050 contrahebatur
440 2990 517 3048 duce
552 2991 742 3049 Pharnabazo
777 3003 807 3049 et
840 2991 1006 3050 Tithrauste
1041 2994 1080 3051 ad
1102 3021 1129 3068 ²5

82 3096 186 3154 bellum
211 3096 399 3172 Aegyptium,
424 3102 546 3171 parique
571 3114 639 3153 eum
662 3106 751 3170 atque
775 3096 839 3154 illos
865 3097 990 3171 imperia
1016 3117 1079 3157 esse

82 3201 167 3261 iussit.
210 3203 319 3260 Postea
340 3205 410 3259 verri
434 3219 524 3275 quam
549 3200 769 3259 Pharnabazum
790 3206 842 3259 tax
861 3203 1019 3276 revocavit,
1041 3204 1081 3262 illi

85 3322 192 3365 summa
212 3306 330 3382 imperii
351 3305 458 3364 tradita
479 3315 532 3365 est.

120 3413 169 3471 IV.
200 3413 261 3470 Hic
297 3430 366 3470 cum
401 3413 530 3470 maxima
565 3411 663 3470 studia
698 3419 884 3486 compararet
918 3414 1080 3473 exereitum

87 3516 310 3594 Aegyptumque.
325 3518 472 3594 proticisci
493 3523 617 3592 pararet,
634 3517 731 3576 subita
752 3524 770 3576 a
790 3523 859 3592 rege
878 3519 993 3577 litterae
1013 3532 1080 3578 sunt
1103 3550 1130 3595 30

89 3625 111 3676 ei
128 3630 240 3696 missae,
261 3632 294 3682 ut
314 3623 417 3700 Aspim
438 3623 655 3699 aggrederatur,
673 3629 724 3697 qui
745 3623 918 3682 Cataoniam
940 3625 1079 3698 tene'bat5

90 3740 156 3807 quae
189 3734 262 3818 gens
294 3729 371 3797 iacet
401 3735 489 3808 supra
520 3728 666 3801 Ciliciam,
695 3729 825 3792 caulinis
856 3729 1078 3810 Cappadociae.
