2574 4146
116 240 155 302 16
402 252 572 301 comm
595 253 745 302 anoms
768 254 877 302 imo
1125 255 1164 318 [ι.

161 425 261 481 stituit
305 425 444 499 Namque
468 425 546 482 hanc
570 426 675 483 urbem
699 433 727 482 ei
747 432 799 483 rox
819 425 954 495 donorat,
976 427 1022 483 liis
1041 427 1164 500 quidem

160 531 266 600 verbis,
288 549 365 605 quae
390 538 418 588 ei
443 537 552 606 ponem
576 533 832 606 praehoret—ex
852 539 911 606 quo
935 534 1056 607 regione
1080 541 1163 608 quin·

160 642 296 711 quogona
319 637 430 694 talenta
453 644 611 712 quotannis
635 639 1029 713 redibant—lampsacum
1054 651 1165 709 autem,

161 742 241 800 unde
261 749 361 800 vinum
382 749 521 815 someret,
544 745 679 818 llyunta,
699 763 737 801 ex
757 751 816 819 quo
836 746 993 802 obsonium
1016 745 1148 802 habiret.

132 870 144 917 ς
202 849 299 906 Holus
327 848 366 906 ad
395 860 527 907 nostram
556 850 731 908 memoriam
765 859 959 908 monumenta
994 856 1166 907 monsorunt

160 953 240 1012 duo:
276 956 443 1030 sepulcrum
479 974 574 1030 prope
602 957 758 1030 oppidum,
785 958 817 1013 in
850 962 911 1030 quo
945 967 990 1014 est
1024 957 1165 1030 sepulum,

160 1070 257 1118 statua
283 1062 313 1118 in
341 1061 406 1120 soro
435 1063 617 1136 Mognosiae.
672 1064 721 1119 Do
748 1063 832 1118 coins
860 1073 955 1120 morte
983 1063 1166 1120 multimodis

160 1167 241 1242 apud
258 1167 415 1242 plorosque
439 1175 581 1243 scriptum
602 1178 656 1238 est,
677 1168 732 1225 sed
752 1173 808 1225 nos
829 1167 956 1225 eundem
979 1168 1165 1241 potissimum

160 1273 368 1347 'l'hocydidem
391 1279 545 1331 auctorem
567 1275 736 1348 probomus,
758 1280 809 1348 qui
830 1274 910 1330 illum
931 1275 972 1329 ait
994 1275 1165 1348 lllognosiae

113 1404 140 1436 ιο
162 1379 267 1437 morbo
289 1389 437 1437 mortuum
459 1398 557 1453 neque
578 1392 668 1454 negat
689 1379 776 1436 fuisse
798 1380 923 1450 somam,
944 1385 1091 1437 venonum
1115 1387 1167 1438 suo

162 1496 268 1561 sponte
297 1485 465 1560 sompsisse,
493 1503 563 1542 cum
598 1490 630 1542 so
657 1503 733 1559 quae
761 1489 824 1559 rogi
850 1485 890 1541 do
914 1486 1042 1542 Graecio
1065 1486 1164 1560 oppri-

163 1593 272 1651 mendo
292 1593 440 1668 pollicitus
462 1602 540 1650 esset
561 1599 710 1667 praestore
732 1610 820 1667 posse
843 1592 1024 1666 dospororet.
1077 1580 1165 1650 Idem

162 1719 229 1759 ossa
242 1700 305 1758 oius
320 1699 396 1755 clam
412 1698 442 1755 in
456 1699 554 1756 Attico
573 1699 611 1756 ab
628 1705 730 1755 amieis
751 1699 874 1773 sepulta,
889 1699 1031 1772 quoniam
1052 1699 1166 1773 logibus

162 1811 222 1864 non
249 1804 473 1875 concoderotur,
499 1803 581 1877 quod
609 1802 785 1877 proditionis
809 1813 887 1860 esset
915 1804 1081 1875 damnotus,
1104 1823 1164 1862 me-

115 1925 138 1972 15
163 1910 273 1968 moriae
288 1907 430 1984 prodidit.
