2574 4146
520 761 556 819 v.
585 745 733 820 ciMoN.

161 938 187 996 Ι.
216 937 339 1010 Ciman,
362 937 504 996 Miltiadis
532 937 622 1009 silius,
644 938 840 1011 Athamanas,
862 938 936 997 dara
965 937 1128 997 admodum

119 1043 205 1101 initia
230 1048 301 1101 risus
327 1053 372 1101 est
396 1042 614 1101 adulescentiae
624 1065 634 1116 3
661 1062 731 1101 nam
755 1062 824 1101 cum
848 1055 933 1119 pater
956 1044 1018 1102 aius
1046 1045 1128 1102 litem

120 1149 310 1207 aestimatam
348 1149 460 1223 popula
498 1149 610 1207 solvere
648 1155 708 1208 nan
749 1149 893 1224 potuisset
928 1150 968 1209 ob
1002 1167 1128 1224 eamque
1189 1158 1191 1163 ’

120 1273 243 1314 causam
286 1255 318 1312 in
358 1255 460 1313 vinclis
498 1255 637 1330 pablicisst
660 1255 844 1327 dacessisset,
880 1256 987 1314 Cimon
1022 1256 1127 1314 eadem

121 1360 260 1419 custadia
302 1362 458 1418 tenabatur
495 1379 592 1435 neque
628 1361 740 1436 lagibus
774 1361 998 1419 Athaniansium
1033 1362 1163 1440 amitti5

120 1476 249 1542 poterat,
271 1465 329 1522 nisi
353 1466 518 1540 pecaniam,
540 1472 599 1540 qua
621 1477 706 1540 pater
729 1466 867 1525 multatus
892 1477 963 1538 erat,
985 1457 1128 1524 solvisset.

122 1573 268 1630 Hababat
292 1580 393 1628 autem
417 1571 447 1628 in
472 1572 660 1629 matrimonio
685 1577 815 1629 sorarem
840 1578 1010 1647 germanam
1035 1590 1127 1643 suam,

121 1679 245 1736 namine
270 1677 437 1755 Elpinican,
451 1682 512 1735 non
537 1678 630 1751 magis
655 1683 756 1736 amore
780 1695 869 1752 quam
895 1684 977 1735 mare
1002 1677 1127 1749 ductus;

120 1801 254 1858 namque
288 1782 516 1841 Athaniansibus
549 1783 618 1841 licet
648 1782 757 1840 eadem
788 1793 872 1858 patre
907 1789 989 1841 natas
1024 1788 1128 1841 uxaras

122 1889 245 1947 dacere.
289 1889 387 1946 Haius
410 1889 539 1964 coniugii
562 1888 688 1963 cupidus
713 1889 820 1948 Callias
841 1889 971 1964 quidam,
986 1894 1046 1946 nan
1068 1900 1128 1946 tam
1153 1910 1179 1940 10

121 2000 286 2071 generasus
310 2012 400 2068 quam
425 1994 611 2069 pecaniosus,
633 2001 684 2068 qui
706 2000 824 2069 magnas
845 1996 985 2070 pecanias
1008 2013 1044 2052 ex
1067 2013 1127 2053 me-

122 2102 198 2160 tallis
235 2101 361 2172 facerat,
390 2101 449 2175 agit
484 2118 553 2157 cum
588 2100 714 2158 Cimone
749 2111 781 2158 ut
815 2118 880 2157 eam
916 2101 971 2159 sibi
1005 2107 1129 2158 uxorem

122 2208 227 2266 daret:
260 2207 292 2265 id
316 2213 341 2265 si
361 2207 555 2281 impetrasset,
577 2211 609 2265 sa
633 2212 687 2280 pra
709 2207 758 2264 illa
780 2207 936 2281 pecaniam
958 2208 1126 2264 solatamm.

124 2316 247 2372 Iseum
268 2314 357 2371 talem
382 2313 592 2371 condicianem
617 2318 830 2387 aspernaratur,
854 2313 988 2387 Elpinica
1013 2314 1129 2387 negavit

124 2425 155 2478 sa
183 2424 338 2495 passaram
367 2418 509 2476 Miltiadis
536 2418 709 2493 prageniem
742 2419 771 2474 in
798 2418 900 2476 vinclis
931 2419 1055 2492 pablicis
1086 2420 1128 2475 in·
1154 2437 1178 2484 15

124 2531 220 2596 terire,
243 2524 384 2598 quoniam
407 2524 565 2598 prohibare
587 2533 696 2598 posset,
718 2528 808 2598 saque
830 2524 940 2582 Calliae
962 2528 1128 2597 naptaram,

124 2637 147 2688 si
168 2649 205 2688 ea
226 2647 303 2704 quae
325 2630 513 2704 pollicaratur
533 2629 734 2703 praestitisset.

165 2736 209 2794 ΙΙ.
237 2736 304 2793 lali
332 2735 423 2793 modo
451 2735 587 2793 custadia
615 2735 752 2793 liberatus
785 2735 892 2793 Cimon
923 2734 1057 2792 celeriter
1091 2734 1129 2792 ad

124 2842 325 2917 principatum
361 2841 503 2916 pervanit.
559 2841 701 2898 Habebat
728 2841 807 2898 enim
836 2840 905 2897 satis
933 2840 1129 2913 eloquentiae,

124 2966 273 3005 summam
312 2947 524 3017 liberalitatem,
554 2951 690 3020 magnam
729 2946 916 3020 pradentiam
954 2965 1022 3002 cum
1061 2946 1130 3003 iaris
1153 2971 1181 3003 20

128 3159 305 3217 exercitibus
326 3159 420 3215 suerat
439 3163 577 3214 versatus.
623 3159 727 3230 Itaque
749 3157 796 3213 hic
821 3166 852 3213 et
877 3156 1019 3231 populum
1044 3158 1130 3215 urba-

128 3281 197 3321 num
219 3264 251 3321 in
272 3270 324 3321 sua
346 3263 438 3321 tenuit
459 3269 606 3337 potestate
629 3273 659 3319 et
683 3261 762 3336 apud
788 3262 949 3318 exercitum
972 3262 1129 3336 plarimum

128 3369 216 3428 valuit
236 3370 420 3428 auctaritate.

170 3477 298 3534 Primum
320 3475 480 3550 imperator
497 3473 576 3549 apud
594 3474 704 3532 flamen
721 3474 875 3546 strimona
892 3478 1012 3548 magnas
1030 3475 1131 3548 capias
1153 3501 1179 3548 25

129 3581 294 3640 Thraecum
320 3581 438 3656 fugavit,
461 3579 605 3654 oppidum
629 3580 832 3655 Amphipolim
859 3580 1010 3637 constituit
1035 3584 1131 3652 eaque

130 3685 235 3745 decem
271 3687 353 3744 milia
387 3686 612 3744 Athaniansium
648 3687 679 3742 in
717 3686 865 3742 coloniam
902 3685 988 3742 misit.
1043 3671 1131 3741 ldem

637 3817 669 3871 23
