2574 4146
122 287 163 351 rr]
542 288 735 338 Pausanias
1123 295 1160 340 21

120 461 180 518 licet
206 460 287 518 enim
315 460 428 535 legibus
455 465 558 518 eorum
584 467 673 518 cuivis
699 461 812 535 ephoro
837 462 895 520 hoc
920 463 1018 520 facere
1043 467 1112 538 regi.

119 567 192 624 Hinc
219 576 322 624 tamen
349 571 381 624 se
409 566 566 641 expedivit,
592 584 690 640 neque
719 572 755 624 eo
785 569 876 642 magis
904 569 1023 626 carihat
1051 586 1112 626 sus-

117 673 228 747 picione
239 692 248 744 ;
287 691 356 729 narn
388 672 490 746 opinio
522 672 661 730 manebat
695 690 763 730 eum
798 691 867 730 cum
901 678 970 748 rege
1003 673 1112 732 habere

116 779 295 837 societatem.

150 885 204 942 Est
231 903 324 960 genus
352 884 505 959 quoddam
533 884 695 956 hominurn,
725 883 806 958 quod
835 885 955 942 Hilotae
984 891 1112 958 vocatur,
1137 908 1148 955 ς

114 984 235 1064 qnorum
264 996 370 1066 magna
398 990 556 1048 multitudo
587 994 671 1065 agros
703 989 1006 1048 Lacedaemoniorum
1042 992 1114 1050 colit

114 1101 320 1170 servorumque
352 1101 473 1154 munere
509 1096 643 1170 fungitur.
702 1097 769 1154 Hos
803 1114 921 1170 quoque
957 1097 1112 1155 sollicitare

113 1207 162 1276 spe
186 1202 329 1260 libertatis
354 1202 580 1259 existimabatur.
622 1201 681 1260 Sed
704 1201 785 1276 quod
808 1203 910 1260 harum
932 1207 1028 1261 rerum
1050 1204 1112 1261 ruil-

113 1306 169 1364 lum
194 1318 258 1365 erat
283 1317 418 1381 apertum
443 1314 564 1379 crimen,
586 1313 646 1381 quo
672 1314 791 1382 coargui
815 1318 923 1382 posset,
945 1314 1006 1365 non
1029 1316 1111 1384 puta-

113 1412 181 1471 bant
211 1414 251 1471 de
284 1414 333 1471 tali
362 1424 484 1487 tamque
515 1413 595 1471 claro
630 1413 692 1471 viro
728 1414 942 1488 suspicionibus
978 1421 1115 1489 oportere
1137 1445 1163 1474 10

112 1518 232 1577 indicari
253 1530 285 1577 et
306 1519 550 1593 exspectandum,
572 1518 644 1576 dum
665 1525 697 1577 se
718 1520 782 1594 ipsa
802 1525 848 1578 res
870 1527 1005 1594 aperiret.

149 1626 202 1682 IV.
233 1625 356 1682 Interim
387 1625 512 1700 Argilius
540 1625 661 1699 quidam
690 1625 925 1684 adulescentulus
953 1644 1021 1684 cum
1051 1628 1111 1702 epi-

112 1732 215 1788 stulam
244 1732 283 1788 ab
311 1735 347 1788 eo
376 1731 415 1789 ad
443 1732 618 1789 Artabazum
646 1732 810 1806 accepisset
842 1738 927 1807 eique
960 1734 990 1789 in
1020 1741 1112 1808 suspi-

112 1837 228 1894 cionem
253 1837 382 1894 venisset
406 1836 517 1910 aliquid
542 1837 572 1893 in
596 1842 631 1894 ea
656 1836 695 1894 de
720 1841 751 1895 se
774 1856 837 1895 esse
859 1844 1009 1912 scripturn,
1030 1840 1113 1913 quod

111 1947 199 2000 nemo
242 1947 345 1999 eorum
380 1942 512 2013 redisset,
548 1949 600 2016 qui
634 1943 743 2001 eodem
778 1951 857 2002 missi
892 1955 984 2016 erant,
1018 1946 1113 2003 vincla
1138 1969 1161 2016 ις

112 2049 253 2123 epistulae
275 2048 381 2106 laxavit
402 2052 545 2123 signoque
567 2048 702 2107 detracto
724 2051 871 2125 cognovit,
893 2057 917 2108 si
938 2051 1112 2125 pertulisset,

112 2155 165 2214 sibi
193 2173 260 2213 esse
284 2154 479 2228 pereundum.
522 2155 615 2213 Erant
640 2155 670 2212 in
695 2156 800 2214 eadem
826 2156 951 2231 epistula
975 2175 1050 2231 quae
1075 2157 1114 2215 ad

112 2279 145 2318 ea
169 2261 368 2336 pertinEbant
390 2279 466 2335 quae
492 2262 688 2336 interregem
714 2262 945 2336 Pausaniamque
967 2267 1112 2320 convene·
1197 2320 1200 2328 ,

111 2382 183 2424 rant.
228 2368 293 2424 Has
314 2367 363 2424 ille
384 2368 495 2425 litteras
517 2368 634 2442 ephoris
656 2367 784 2426 tradidit.

151 2474 223 2530 Non
252 2483 297 2530 est
324 2473 539 2547 praetereunda
565 2475 689 2549 gravitas
720 2473 1025 2533 Lacedaemoniorum
1056 2474 1115 2532 hoc
1137 2500 1165 2532 20

112 2577 197 2650 loco,
233 2596 303 2635 narn
338 2583 377 2637 ne
407 2579 491 2637 huius
526 2579 647 2653 quidem
683 2580 793 2638 indicio
829 2580 947 2654 impulsi
981 2591 1048 2638 sunt
1082 2592 1115 2638 ut

112 2684 286 2742 Pausaniam
316 2687 614 2761 comprehenderent,
643 2704 739 2760 neque
772 2686 851 2759 prius
882 2686 941 2743 vim
971 2687 1113 2745 adhiben-

112 2789 180 2848 dam
210 2796 396 2865 putaverunt,
425 2811 514 2867 quam
542 2798 574 2851 se
601 2793 665 2867 ipse
694 2791 860 2849 indicasset
914 2794 1018 2867 Itaque
1047 2794 1114 2850 huic

112 2896 211 2968 indici,
238 2897 310 2972 quid
340 2899 403 2956 lieri
430 2900 548 2970 vellent,
574 2902 797 2972 praecepemnt.
840 2899 952 2956 Fanum
983 2901 1116 2974 Neptuni

113 3013 156 3060 est
183 3006 321 3075 Taenari,
351 3004 432 3079 quod
460 3006 561 3063 violari
587 3005 675 3062 nefas
704 3013 808 3079 putant
833 3005 948 3062 Graeci.
992 3007 1037 3062 Eo
1067 3006 1115 3062 ille
1138 3033 1163 3079 ²5

113 3112 251 3186 confugit
275 3111 304 3168 in
326 3117 433 3185 araque
456 3110 599 3168 consedit.
645 3112 732 3183 Hanc
757 3111 836 3167 iuxta
857 3110 955 3168 locum
978 3112 1116 3169 fecerunt

113 3217 165 3274 sub
189 3222 276 3286 terra,
293 3234 329 3273 ex
353 3222 413 3290 quo
438 3227 539 3291 posset
563 3215 702 3287 exaudiri,
718 3221 742 3273 si
765 3217 829 3289 quis
854 3217 926 3290 quid
947 3217 1116 3291 loqueretur

113 3340 178 3378 cum
219 3322 340 3398 Argilio.
396 3324 465 3380 Huc
503 3341 539 3380 ex
576 3323 692 3398 ephoris
729 3321 851 3395 quidam
887 3323 1114 3381 doscenderunt.

115 3427 281 3499 Pausanias,
310 3438 342 3485 ut
369 3427 479 3486 audivit
507 3428 647 3503 Argilium
675 3428 847 3503 confugisse
875 3428 905 3485 in
934 3434 1023 3499 aram,
1049 3446 1113 3502 per-

114 3533 243 3591 turbatus
271 3533 352 3591 venit
377 3539 422 3592 εδ.
466 3534 563 3607 Quem
589 3553 656 3590 curn
682 3534 847 3608 supplicem
873 3533 923 3591 dei
947 3534 1062 3592 videret
1086 3535 1116 3590 in
1139 3563 1166 3608 30

113 3641 161 3694 ara
185 3638 350 3710 sedentem,
372 3641 486 3714 quaerit
510 3658 615 3698 causae
640 3640 711 3714 quid
736 3640 772 3696 sit
796 3650 857 3696 tam
879 3646 1024 3714 repentini
1045 3645 1115 3697 con-

114 3743 177 3801 silii.
221 3745 302 3802 Huic
323 3745 380 3817 ille,
400 3746 472 3820 quid
498 3764 534 3803 ex
558 3746 658 3803 litteris
679 3746 882 3819 comperisset,
900 3747 1004 3822 aperit.
1047 3746 1116 3820 Quo
