2574 4146
113 283 136 344 4
406 278 578 327 CORNELII
601 278 749 328 NEPOTIS
772 279 879 327 VITAE
1116 280 1170 344 [111.

164 450 195 507 in
230 455 265 508 ee
295 455 327 508 re
360 449 517 524 prudentie
547 468 637 524 quam
672 450 815 508 felicitate
851 451 968 510 adiutus
1003 461 1046 510 est
1057 473 1065 524 ;
1101 471 1172 510 nam

164 573 232 612 cum
255 556 362 613 virtute
391 556 515 612 militum
543 556 699 614 devicisset
724 555 853 614 hostium
879 557 1034 629 exercitiis,
1056 565 1173 616 summa

164 662 312 734 aequitate
343 667 390 719 res
421 662 574 719 erinstituit
604 672 693 736 atque
725 663 789 738 ipse
820 662 931 722 ibidem
965 668 1084 722 manere
1119 664 1171 723 de·

164 767 263 824 crevit.
315 768 386 825 Erat
415 769 494 825 enim
520 768 597 826 inter
625 773 676 826 ees
705 768 847 843 dignitate
875 769 963 844 regia,
989 787 1170 844 quamquam

130 894 141 942 ς
164 874 284 941 carebat
316 873 447 944 nemine,
476 891 573 947 neque
608 873 639 931 id
668 874 760 948 magis
789 875 914 948 imperii>
942 892 1032 948 quam
1063 877 1173 934 iustitia

162 984 340 1037 censecutus
351 1000 359 1051 ;
389 996 485 1052 neque
508 984 545 1036 ee
567 981 656 1037 setius
677 979 915 1052 Atheniensibus
938 987 956 1038 a
980 981 1086 1054 quibus
1109 993 1171 1039 erat

163 1086 323 1159 profectus,
344 1085 442 1143 officia
466 1086 642 1159 praestabat.
686 1085 801 1158 Quibus
826 1087 912 1144 rebus
925 1087 1031 1144 fiebat
1055 1097 1088 1144 ut
1111 1093 1172 1145 nen

165 1192 261 1248 minus
283 1197 385 1248 erirum
407 1191 556 1248 voluntate
577 1201 753 1265 perpetuum
775 1193 932 1266 imperium
953 1192 1102 1250 obtineret
1121 1201 1172 1268 qui

166 1304 311 1368 miserant,
327 1315 417 1371 quam
438 1297 553 1354 illerum
576 1315 644 1354 cum
658 1277 771 1372 'quibus
793 1308 855 1355 erat
873 1298 1033 1372 profectus.
1078 1299 1169 1357 Cher-

116 1428 143 1458 10
165 1408 272 1460 sonesr')
302 1404 352 1460 teli
382 1402 474 1461 mode
505 1403 664 1460 censtitirte
699 1404 844 1461 Lemnum
880 1405 1034 1461 revertitur
1068 1415 1098 1462 et
1134 1424 1171 1462 ex

165 1514 253 1582 pacti)
278 1511 407 1583 postulat
431 1519 464 1566 ut
485 1509 540 1566 sibi
562 1509 666 1566 urbem
688 1508 903 1566 tradant-illi
924 1511 1003 1566 enim
1025 1511 1169 1583 dixerant,

165 1632 233 1671 cum
260 1620 350 1672 vente
379 1615 471 1673 borea
501 1613 593 1672 dome
627 1614 777 1689 profectus
813 1620 849 1672 eri
885 1616 1076 1690 pervenisset,
1106 1621 1170 1675 sese

165 1720 406 1779 deditiires—se
428 1722 506 1778 enim
530 1721 652 1778 domum
674 1721 853 1779 Chersonesi
873 1722 993 1780 habere.

205 1827 305 1899 Ceres,
330 1834 380 1900 qui
404 1837 467 1884 tum
493 1828 638 1884 fflmnum
662 1826 841 1898 incolebant,
864 1834 918 1885 etsi
944 1837 1060 1902 praeter
1085 1835 1169 1904 opin-

115 1952 139 1999 15
163 1933 264 1990 itinem
307 1937 352 1990 res
390 1932 549 2004 ceciderat,
588 1942 688 1990 tamen
727 1937 787 1989 nen
822 1931 913 2004 dicte,
949 1933 1002 1991 sed
1037 1934 1171 1992 secundi

164 2039 285 2096 femine
308 2037 539 2095 adversariemm
565 2044 645 2112 capti
668 2037 803 2096 resistere
825 2044 887 2095 ausi
907 2043 968 2095 nen
990 2049 1057 2096 sunt
1079 2049 1169 2114 atque

164 2161 201 2200 ex
231 2144 325 2201 insule
360 2143 569 2217 dEmigra'rrunt.
627 2145 693 2200 Pari
725 2142 868 2202 felicitate
904 2148 1016 2201 ceteras
1050 2146 1168 2217 insulas,

163 2267 240 2323 quae
264 2249 411 2325 Cyclades
434 2249 632 2321 neminantur,
654 2251 709 2307 sub
733 2250 957 2307 Atheniensium
978 2249 1093 2325 redegit
1115 2269 1168 2325 po-

164 2361 308 2413 testetem.

113 2482 142 2514 ιο
205 2462 263 2520 ΙΙΙ.
293 2461 414 2519 Eisdem
439 2460 623 2536 temporibus
648 2463 800 2518 Perserum
825 2466 876 2518 rex
895 2439 1015 2519 ’Dareus
1040 2479 1076 2518 ex
1101 2462 1171 2520 Asi’a'

164 2568 195 2625 in
223 2570 373 2642 Eurepam
402 2567 532 2624 exercitu
557 2566 681 2624 traiectd
706 2566 820 2640 Scythis
845 2566 954 2625 bellum
981 2568 1086 2624 inferre
1116 2565 1169 2625 de-

164 2668 264 2732 cievit.
308 2674 432 2731 Pentem
462 2673 476 2730 s
479 2673 537 2730 ecit
561 2673 591 2730 in
618 2672 722 2730 Histri>
747 2672 876 2743 flumine,
898 2679 958 2746 qua
981 2673 1082 2748 eripies
1111 2681 1167 2732 tra-

164 2780 295 2838 duceret.
337 2766 410 2836 Ilius
434 2779 542 2853 pentis,
565 2777 636 2834 dum
659 2778 722 2851 ipse
744 2777 869 2849 abesset,
892 2777 1032 2836 cnstedes
1052 2778 1169 2853 reliquit

165 2886 313 2961 principes
348 2889 421 2959 ques
456 2888 557 2942 secum
593 2901 630 2941 ex
666 2883 750 2940 lenia
793 2893 822 2940 et
856 2883 982 2941 Aeolide
1024 2884 1168 2958 dixerat3

114 3010 140 3058 25
164 2993 270 3066 quibus
291 2991 469 3066 singulamm
492 2990 607 3047 urbium
629 2999 773 3063 perpetua
797 2988 921 3047 dederat
945 2989 1078 3064 imperia.
1121 2991 1169 3048 Sic

165 3099 244 3156 enim
272 3097 410 3155 facillime
437 3095 551 3170 putevit
581 3099 612 3152 se
647 3095 763 3153 Graece
797 3095 895 3169 lingua
929 3095 1084 3169 loquentes
1118 3103 1170 3170 qui

164 3204 265 3262 Asiam
288 3201 452 3259 incolerent
476 3201 530 3259 sub
555 3205 608 3258 suai
632 3205 812 3259 retenturum
837 3207 993 3275 potestate,
1016 3207 1040 3258 si
1067 3208 1169 3259 amicis

165 3317 222 3368 suis
247 3306 360 3384 oppida
384 3305 495 3364 tuenda
519 3305 688 3364 tradidisset
699 3327 707 3379 3
738 3307 842 3381 quibus
868 3311 899 3364 se
925 3313 1067 3382 oppresse
1090 3308 1170 3364 milla

165 3421 233 3491 spes
258 3414 357 3473 salutis
382 3413 602 3487 relinqueretur.
646 3414 682 3470 In
706 3413 763 3470 hec
788 3414 842 3471 fuit
866 3422 928 3471 tum
953 3419 1077 3470 numere
1099 3414 1167 3470 Mil-

114 3540 143 3590 30
164 3523 268 3582 tiades.
312 3522 372 3577 Hic
394 3538 461 3577 cum
483 3521 577 3577 crebri
598 3519 747 3577 adferrent
768 3519 862 3577 nuntii
884 3519 958 3576 male
981 3537 1044 3576 rem
1065 3537 1168 3593 gerere

166 3633 297 3689 Dareum
318 3633 472 3703 premique
493 3632 511 3684 a
534 3625 658 3702 Scythis,
680 3625 811 3682 hortatus
836 3633 881 3682 est
905 3625 1003 3698 pentis
1029 3625 1168 3684 custedes

165 3740 203 3794 ne
241 3739 260 3794 a
296 3733 420 3792 lertune
455 3731 556 3790 datam
593 3731 782 3789 occasienem
817 3730 986 3788 liberandae
1021 3731 1167 3806 Graeciae
