2574 4146
160 250 200 327 78
451 259 620 308 connum
644 260 792 310 nunonis
817 254 935 310 vrxxn
1120 262 1179 327 [1v.,
1190 277 1216 313 v.

210 428 365 490 interfecti.
408 432 522 506 Quibus
543 433 630 491 rebus
650 433 804 506 confectis,
825 434 913 509 vulge
934 433 972 491 ad
994 453 1076 492 arma
1099 435 1218 494 liberte-

209 548 331 612 temque
355 544 471 609 nocete,
497 543 557 596 nen
580 538 676 596 selum
701 546 751 613 qui
775 539 805 597 in
830 540 902 597 urbe
928 550 1020 612 erant,
1041 539 1097 598 sed
1126 542 1221 599 etiam

209 644 342 719 undique
367 662 404 702 ex
428 650 502 719 agris
531 649 751 715 concurrerunt,
773 645 952 719 praesidium
981 644 1220 705 Lacedaemoni-

210 756 295 808 erum
323 768 360 807 ex
387 769 455 808 arce
485 751 671 826 pepulemnt,
701 751 825 825 patriam
858 751 1015 809 obsidione
1045 752 1221 825 liberetunt,

182 860 345 931 5aucto'res
369 855 520 915 Cadmeae
546 854 739 931 occupandae
764 856 871 930 partim
899 857 1083 929 occiderunt,
1108 860 1222 933 partim

210 963 240 1018 in
262 961 395 1020 exsilium
418 961 576 1020 eiecemnt.

252 1069 302 1125 IV.
333 1069 402 1125 Hoc
427 1078 487 1125 tam
516 1066 633 1126 turbide
663 1078 806 1141 ternpore,
832 1074 907 1125 sicut
934 1073 1023 1143 supre
1050 1067 1223 1142 docuimus,

212 1174 443 1248 Epaminondas,
472 1173 571 1248 quoad
602 1192 671 1230 cum
703 1173 814 1232 civibus
845 1174 1018 1233 dimicatum
1051 1184 1106 1246 est,
1135 1175 1224 1234 domi

211 1279 327 1353 quietus
358 1279 420 1336 fuit.
478 1280 581 1353 Itaque
613 1278 687 1336 haec
723 1279 909 1337 liberaterum
943 1279 1114 1337 Thebemm
1152 1298 1222 1355 pro-

163 1416 189 1448 10
211 1386 275 1460 pria
312 1386 375 1443 laus
410 1395 455 1443 est
490 1385 659 1459 Pelopidae,
696 1390 813 1442 ceterae
848 1385 908 1443 sere
943 1391 1117 1444 commenes
1150 1406 1223 1444 cum

212 1491 428 1566 Epaminenda
480 1491 616 1564 Namque
642 1491 796 1549 Leuctrica
817 1497 917 1566 pugna
936 1490 1115 1565 imperatere
1140 1493 1222 1567 Epa-

211 1596 354 1654 minonda}
380 1597 427 1653 hic
455 1597 509 1654 suit
537 1596 597 1654 dux
623 1597 757 1655 delectae
785 1602 896 1667 manus,
922 1614 999 1670 quae
1024 1604 1119 1671 prima
1146 1599 1221 1673 pha-

210 1702 327 1777 langem
351 1703 505 1776 prostrevit
531 1703 693 1760 Laconum.
736 1702 882 1761 Omnibus
907 1709 1061 1776 praeterea
1081 1704 1222 1777 periculis

212 1807 273 1865 eius
311 1807 544 1878 adsuit—sicut,
581 1810 715 1882 Spartam
755 1826 824 1864 cum
863 1809 1054 1882 oppugnavit,
1093 1808 1221 1867 alterum

163 1942 187 1986 ¹5
212 1914 306 1972 tenuit
332 1918 600 1988 come-queque
630 1915 768 1972 Messena
795 1915 919 1971 celerius
944 1915 1155 1986 restitueretur,
1178 1916 1221 1973 le-

211 2026 294 2095 getus
322 2020 353 2076 in
381 2021 482 2104 Perses
511 2017 556 2077 est
584 2019 742 2094 profectus.
785 2020 922 2094 Denique
948 2019 1022 2077 haec
1048 2021 1102 2077 fuit
1126 2021 1221 2079 altera

212 2132 338 2202 persona
360 2125 481 2197 Thebis,
503 2125 557 2183 sed
582 2135 682 2183 tamen
707 2125 839 2184 secunda
859 2126 909 2196 ita,
929 2136 961 2184 ut
982 2126 1119 2200 proxima
1141 2139 1220 2185 esset

213 2230 449 2307 Epaminondae.

251 2340 287 2395 V.
316 2337 510 2397 Cenflictetus
529 2346 629 2394 autem
648 2347 693 2394 est
713 2337 803 2394 etiam
822 2337 946 2395 adversa
964 2337 1095 2395 fortuna.
1138 2339 1219 2395 Nam

161 2472 190 2504 20
212 2454 242 2502 et
269 2444 362 2516 initio,
391 2450 465 2501 sicut
493 2442 685 2514 ostendimus,
715 2443 796 2500 exsul
828 2443 922 2517 patrie
953 2444 1046 2500 caruit
1066 2447 1120 2514 ‘et,
1149 2463 1219 2501 cum

211 2551 394 2609 Thessaliam
429 2550 458 2607 in
487 2555 665 2624 potestetem
693 2549 904 2608 Thebenorum
932 2560 1055 2624 cuperet
1083 2548 1218 2625 redigere

211 2657 423 2732 legetienisque
447 2656 510 2714 iure
535 2655 604 2713 satis
627 2660 738 2713 tectum
761 2661 793 2714 se
814 2655 1010 2726 arbitraretur,
1033 2655 1115 2730 quod
1137 2655 1218 2731 apud

212 2768 316 2821 omnes
336 2767 440 2838 gentes
461 2767 595 2820 sanctum
617 2779 681 2819 esse
703 2767 883 2833 consuesset,
905 2767 923 2818 e
944 2767 1069 2835 tyranno
1090 2762 1216 2819 Alexan-

211 2869 266 2927 dro
295 2869 427 2926 Pheraee
452 2868 537 2926 simul
562 2886 630 2925 curn
657 2868 786 2926 Ismenie
810 2869 1041 2943 comprehensus
1066 2867 1097 2924 in
1120 2868 1218 2925 vincla

160 3002 187 3048 ²5
211 2975 363 3033 coniectus
385 2984 438 3032 est.
482 2975 572 3031 Hunc
595 2974 817 3048 Epaminondes
839 2974 1031 3050 recuperavit,
1050 2973 1130 3032 bello
1152 2991 1217 3048 per-

211 3086 338 3156 sequens
365 3079 574 3138 Alexandrum.
628 3082 697 3138 Post
725 3081 757 3138 id
785 3081 894 3138 sactum
925 3098 1088 3155 numquam
1116 3080 1218 3138 anime

211 3188 321 3262 placari
348 3186 445 3261 potuit
473 3186 505 3243 in
532 3204 610 3257 eum,
632 3191 650 3244 a‘r
674 3191 733 3260 que
759 3196 821 3244 erat
845 3186 976 3245 violetus.
1020 3187 1126 3261 Itaque
1152 3168 1218 3261 per-

211 3293 300 3351 sua'rsit
335 3291 485 3350 Thebenis
522 3302 554 3349 ut
590 3290 722 3350 subsidie
756 3292 926 3350 Thessaliae
961 3292 1226 3367 proficiscerentur·

211 3403 409 3475 tyrannesque
435 3397 497 3456 eius
523 3398 712 3472 expellerent.
755 3398 846 3456 Cuius
870 3398 939 3456 belli
963 3417 1032 3455 cum
1053 3405 1081 3456 ei
1102 3417 1220 3456 summa

160 3533 188 3579 ³0
211 3513 289 3563 esset
313 3502 383 3561 data
407 3509 504 3584 eoque
532 3522 600 3560 cum
629 3503 760 3561 exercitu
788 3503 939 3578 profectus
967 3513 1054 3576 esset,
1076 3509 1139 3563 nen
1165 3504 1219 3563 du-

210 3613 321 3682 bitavit,
350 3611 435 3668 simul
463 3629 498 3667 ac
527 3611 682 3684 conspexit
710 3611 836 3682 hostem,
862 3610 1029 3685 cenfligere.
1086 3611 1124 3668 In
1159 3616 1221 3686 que

209 3715 324 3795 proelis]
352 3712 553 3772 Alexandrum
581 3724 614 3770 ut
641 3712 856 3787 animadvertit,
878 3715 1015 3773 incensus
1039 3721 1083 3773 ire
1107 3733 1220 3794 equum
