2574 4146
114 241 173 310 m]
435 320 439 329 Ι
551 240 739 296 naamam
1111 245 1167 316 113

114 415 273 476 mirabatur
296 433 394 491 neque
418 417 595 492 reperiabat,
616 427 718 476 tamen
741 418 886 493 proelium
911 419 1009 478 statim
1037 437 1119 479 com·

113 522 230 581 mittere
252 526 315 580 nan
335 521 489 582 dubitavit.
532 525 651 581 Hamm
672 524 702 581 in
723 529 870 583 concursr'r
894 524 1013 598 Bithyni
1036 526 1120 584 Han-

112 628 217 687 nibalis
256 633 420 703 praecepta
455 628 582 687 finiversi
617 634 724 687 navem
760 630 902 688 Eumenis
937 630 1120 690 adoriuntur.

113 733 248 808 Quarum
270 734 331 791 vim
351 737 403 792 rax
427 752 496 791 cum
520 734 663 792 sustinare
687 739 750 792 nan
773 745 883 810 posset,
905 735 974 811 fuga
996 738 1121 796 salirtem

112 839 206 914 petiit,
229 855 321 913 quam
342 842 519 898 cansect‘rtus
540 844 601 898 nan
623 850 709 912 esset,
729 840 784 898 nisi
806 841 881 898 intra
901 859 954 899 sua
974 841 1122 916 praesidia
1144 864 1155 912 5

112 948 143 1002 sa
177 944 350 1020 recepisset,
378 961 456 1019 quae
487 945 517 1002 in
548 946 684 1020 proxima
716 945 801 1004 litore
837 956 921 1004 erant
955 947 1119 1005 conlocata.

113 1049 259 1124 Reliquae
288 1052 488 1126 Pergamanae
516 1055 605 1109 naves
637 1069 706 1109 cum
737 1051 918 1110 adversarias
951 1062 1121 1127 premerent

112 1156 217 1227 acrius,
239 1166 363 1230 repente
384 1157 415 1213 in
436 1162 486 1214 eas
506 1162 576 1214 vasa
600 1157 716 1228 fictilia,
738 1155 777 1214 da
801 1157 908 1231 quibus
929 1163 1016 1232 supra
1037 1176 1119 1216 men-

113 1260 225 1319 tianem
254 1261 392 1334 facimus,
420 1262 518 1320 conici
545 1272 654 1337 coepta
681 1273 757 1320 sunt.
813 1262 899 1336 Quae
929 1264 1008 1321 iacta
1037 1264 1120 1322 initia

114 1373 201 1424 risum
235 1369 434 1442 pagnantibus
464 1368 658 1438 concitarunt,
687 1386 785 1442 neque
818 1374 877 1442 qua
906 1373 937 1426 ra
970 1369 1001 1427 id
1036 1369 1120 1428 fieret
1144 1399 1170 1430 lo

114 1483 230 1547 poterat
259 1473 398 1548 intellegi.
455 1475 614 1548 Postquam
643 1483 742 1532 autem
770 1478 858 1532 navas
889 1480 955 1532 suas
985 1475 1120 1551 opplatas

114 1582 332 1653 canspaxarunt
366 1580 560 1653 serpentibus,
589 1585 666 1637 nova
696 1585 727 1637 ra
760 1580 915 1654 perterriti,
945 1599 1012 1638 cum
1047 1581 1119 1656 quid

114 1685 300 1758 potissimum
326 1690 449 1742 vitarent
474 1690 534 1743 nan
555 1684 698 1754 vidisent,
721 1689 836 1760 puppas
857 1690 1006 1744 vertarunt
1029 1691 1119 1761 saque

114 1789 150 1847 ad
178 1808 232 1847 sua
261 1800 356 1848 castra
379 1791 498 1847 nautica
524 1791 705 1848 rettulerunt.
748 1792 795 1849 Sic
821 1792 972 1850 Hannibal
996 1793 1119 1851 cansilia

115 1914 192 1953 arma
230 1897 480 1971 Pergamanarum
516 1897 671 1971 superavit,
701 1914 798 1970 neque
834 1907 897 1953 tum
933 1898 1037 1970 salum,
1066 1899 1119 1957 sed
1144 1924 1168 1970 ¹5

115 2019 200 2078 saepe
229 2002 301 2060 alias
327 2001 513 2076 pedestribus
541 2003 634 2077 capiis
660 2007 723 2077 pari
748 2001 905 2077 prridentia
930 2003 1043 2078 pepulit
1067 2004 1117 2062 ad-

115 2108 265 2166 versarias.

150 2215 222 2271 XII.
254 2212 339 2286 Quae
361 2212 432 2270 dum
455 2213 485 2270 in
506 2213 575 2270 Asia
595 2223 743 2288 geruntur,
759 2214 868 2272 accidit
889 2218 958 2272 casti
980 2224 1012 2272 ut
1033 2215 1120 2290 lagati

115 2319 231 2376 Prusiae
258 2320 373 2376 Ramae
399 2317 479 2392 apud
503 2320 539 2375 Τ.
565 2318 737 2392 Quinctium
764 2320 958 2377 Flamininum
985 2321 1118 2378 causula-

114 2443 173 2482 rem
199 2428 351 2496 canarent,
373 2434 461 2499 atque
486 2425 526 2483 ibi
552 2424 590 2482 da
616 2425 786 2483 Hannibale
812 2427 963 2483 mentiane
984 2426 1062 2484 sacta
1083 2445 1120 2485 ex
1141 2454 1170 2486 ιο

117 2537 155 2587 eis
170 2535 247 2589 anus
272 2529 386 2588 diceret
411 2548 479 2588 eum
504 2531 534 2587 in
559 2530 677 2588 Prusiae
703 2535 794 2605 raguta
820 2549 893 2589 esse.
937 2531 973 2589 Id
999 2538 1119 2607 postera

115 2635 160 2694 dia
198 2637 380 2695 Flamininus
415 2642 528 2694 senatui
565 2636 679 2694 datulit.
737 2638 837 2695 Patras
871 2642 1041 2713 causeripti,
1068 2645 1120 2714 qui

116 2742 285 2801 Hannibale
306 2745 371 2799 viva
393 2759 554 2815 numquam
576 2746 608 2799 sa
629 2742 691 2799 sine
711 2742 823 2800 insidiis
842 2742 953 2801 futaras
972 2744 1118 2803 existima-

115 2857 186 2919 rent,
201 2847 314 2922 lagatbs
335 2847 365 2905 in
387 2847 552 2921 Bithyniam
576 2851 724 2918 misarunt,
740 2848 825 2905 ineis
847 2849 1053 2921 Flamininum,
1068 2857 1120 2925 qui

115 2953 149 3011 ab
178 2957 248 3029 tage
273 2963 411 3028 peterent
435 2957 473 3010 na
498 2952 731 3010 inimicissimum
759 2971 843 3011 suum
869 2959 972 3026 ,sacum
998 2955 1120 3015 habaret
1143 2980 1168 3026 25

116 3059 228 3133 sibique
252 3058 387 3117 daderet.
431 3060 487 3116 His
514 3059 613 3116 Prasia
637 3065 745 3133 negare
767 3077 852 3117 ausus
874 3066 935 3118 nan
956 3070 1019 3133 est;
1048 3062 1119 3120 illud

116 3164 267 3235 recasavit,
289 3168 327 3222 na
353 3163 383 3221 id
408 3171 427 3222 a
449 3169 481 3222 sa
506 3164 569 3221 fieri
594 3165 785 3238 postularent,
807 3166 889 3238 quod
914 3166 1053 3225 adversus
1076 3168 1119 3225 itis

117 3267 234 3344 hospitii
259 3279 354 3327 esset:
385 3271 449 3344 ipsi,
472 3275 495 3327 si
519 3280 649 3343 possent,
672 3270 981 3343 comprehenderent,
1010 3272 1119 3336 locum.

116 3373 163 3432 ubi
188 3384 277 3446 esset,
303 3374 387 3432 facile
412 3375 591 3433 inventiuas.
635 3375 786 3433 Hannibal
812 3377 891 3433 enim
918 3381 977 3435 ana
998 3378 1066 3435 loca
1088 3383 1119 3436 sa

117 3481 244 3552 tentabat,
267 3480 297 3537 in
326 3481 456 3552 castella,
474 3479 556 3555 quod
582 3487 609 3538 ei
638 3487 655 3538 a
682 3485 751 3554 rage
776 3479 878 3539 datum
907 3493 968 3539 erat
997 3488 1119 3556 maneri,
1143 3508 1170 3553 30

118 3583 204 3660 idque
242 3592 283 3643 sic
319 3585 496 3657 aedificarat,
526 3597 558 3643 ut
591 3587 620 3642 in
656 3586 792 3644 omnibus
827 3588 960 3661 partibus
992 3588 1121 3646 aedificii

119 3691 208 3749 exitas
230 3691 362 3761 habaret,
377 3691 489 3749 scilicet
510 3697 614 3750 verans
635 3697 673 3749 na
693 3697 745 3749 asir
765 3698 875 3751 veniret
900 3693 982 3767 quod
1001 3694 1119 3753 accidit.
