2574 4146
157 246 196 308 14
445 241 615 292 CORNELII
639 242 786 294 NEPOTIS
808 244 916 293 VITAE
1135 245 1208 310 [vul.

203 420 350 487 miserant,
379 419 411 473 se
439 416 632 488 remitterent,
662 435 730 474 cum
765 418 849 475 aliter
883 417 948 476 illes
982 436 1146 493 numquam
1178 421 1210 478 in

202 521 328 595 patriam
349 531 447 579 essent
468 527 624 596 receptriri

241 628 330 685 VIII.
368 629 484 684 Tamen
518 633 580 685 nen
617 628 723 703 effigit
757 629 863 686 civium
898 635 1017 686 suerum
1054 631 1207 689 invidiam.

203 734 342 808 Namque
370 735 410 792 ob
440 733 568 791 eundem
597 734 743 806 timerem,
768 741 828 808 quo
856 735 1013 793 damnatus
1043 746 1106 794 erat
1140 738 1209 794 Mil-

167 859 177 906 ς
202 838 306 911 tiades,
321 840 491 898 testulimm
518 839 659 914 suffregiis
684 844 701 896 e
726 841 845 898 civitete
870 842 981 898 eiectus
1004 844 1100 917 Argos
1126 844 1209 901 habi-

203 951 296 1003 tetum
317 946 475 1004 concessit.
518 947 578 1003 Hic
600 964 668 1003 curn
690 956 812 1021 propter
833 947 937 1004 multis
958 947 1078 1005 virtites
1101 954 1211 1024 megne

203 1069 271 1108 eum
310 1051 453 1126 dignitete
490 1058 610 1122 viveret,
649 1051 880 1109 Lacedaemonii
921 1052 1033 1127 legites
1074 1054 1210 1112 Athenis

203 1162 353 1229 miserunt,
375 1163 426 1231 qui
450 1175 517 1214 eum
543 1157 696 1214 absentem
721 1162 903 1229 accuserent,
925 1157 1007 1231 quod
1032 1159 1210 1217 societa‘item

203 1281 271 1320 cum
292 1268 360 1338 rege
379 1265 466 1320 Perse
484 1261 522 1319 ad
541 1263 696 1320 Graeciam
715 1261 942 1337 opprimendam
960 1263 1092 1322 fecisset.
1137 1266 1211 1323 Hec

153 1396 180 1426 10
202 1369 324 1426 erimine
346 1368 451 1425 absens
473 1367 629 1425 damnitus
650 1377 703 1425 est.

244 1473 281 1532 Id
304 1483 337 1532 ut
361 1473 481 1545 audivit,
506 1473 587 1548 quod
611 1479 673 1530 non
698 1474 767 1531 satis
791 1479 888 1531 tritum
912 1478 943 1531 se
968 1476 1051 1549 Argis
1075 1475 1208 1549 videbat,

202 1581 362 1654 Corcyram
387 1579 569 1654 demigravit.
613 1579 659 1637 Ibi
684 1596 752 1636 eum
778 1581 927 1654 principes
952 1579 1209 1640 animadvertisset

201 1687 305 1744 timere
331 1690 369 1743 ne
394 1694 517 1759 propter
538 1690 569 1743 se
590 1685 700 1743 bellum
713 1691 755 1742 eis
778 1684 1010 1742 Lacedaemonii
1030 1695 1061 1743 et
1082 1687 1206 1745 Atheni-

202 1796 287 1850 enses
321 1791 495 1861 indicerent,
524 1791 562 1849 ad
598 1791 769 1862 Admetum,
799 1791 963 1849 Molossirm
996 1795 1108 1866 regern,
1139 1811 1206 1850 curn

152 1920 177 1967 15
201 1903 261 1972 que
286 1903 314 1954 ei
338 1897 498 1971 hospitium
522 1901 583 1954 non
608 1895 847 1971 erat,cenf1igit.
890 1898 961 1954 Hire
986 1915 1055 1954 cum
1078 1899 1207 1956 venisset

201 2013 231 2061 et
255 2003 286 2060 in
310 2003 476 2077 praesentii
500 2007 551 2060 rex
575 2003 700 2073 abesset,
722 2007 782 2076 que
808 2002 918 2059 meiere
943 2002 1083 2077 religiene
1108 2009 1140 2062 se
1162 2022 1205 2061 re·

201 2118 322 2183 ceptum
350 2112 489 2178 tueretur,
519 2107 616 2164 silium
645 2108 708 2165 eius
736 2108 888 2182 parvulum
917 2106 1046 2182 adripuit
1075 2118 1106 2166 et
1137 2128 1206 2167 curn

201 2219 238 2271 ee
266 2218 299 2271 se
327 2214 358 2270 in
389 2213 548 2271 sacrerium
579 2212 661 2286 quod
692 2218 806 2270 summe
840 2212 992 2270 colebaitur
1026 2213 1207 2272 caerimeniai

200 2320 338 2377 coniecit.
395 2319 471 2377 Inde
500 2323 561 2375 nen
588 2318 667 2392 prius
696 2321 828 2393 egressus
857 2328 910 2389 est,
938 2336 1028 2392 quam
1056 2323 1109 2376 rex
1138 2338 1207 2377 eum

149 2451 177 2481 ιο
200 2424 270 2482 date
297 2424 402 2482 dextra
428 2425 459 2481 in
491 2423 583 2481 fidem
612 2424 766 2498 reciperet,
795 2442 884 2498 quam
914 2424 1069 2498 praestitit
1127 2427 1206 2483 Nam

200 2549 269 2588 cum
306 2530 344 2588 ab
386 2530 615 2587 Atheniensibus
650 2539 679 2586 et
715 2528 960 2586 Lacedaemoniis
995 2524 1207 2604 exposceretur

199 2636 327 2711 publice,
351 2635 515 2711 supplicem
541 2639 601 2692 nen
626 2633 758 2710 prodidit
784 2635 956 2708 monuitque
981 2646 1013 2692 ut
1038 2637 1207 2695 censuleret

200 2743 272 2801 sibi:
303 2742 423 2800 difficile
447 2741 526 2799 enim
548 2758 612 2798 esse
637 2741 667 2797 in
688 2750 748 2797 tam
770 2745 937 2814 propinquo
960 2741 1028 2798 loce
1050 2747 1114 2800 trito
1137 2761 1206 2801 eum

149 2981 175 3028 25
202 2964 279 3012 esset
309 2952 448 3028 praesidii
479 2952 571 3011 dedit.
629 2953 691 3008 Hic
722 2951 752 3008 in
777 2957 881 3009 nevem
917 2951 1055 3010 omnibus
1086 2959 1207 3028 ignotus

200 3066 295 3117 nautis
324 3058 467 3117 escendit.
518 3058 603 3131 Quae
630 3075 698 3113 cum
723 3062 901 3131 tempestete
929 3058 1058 3115 maxime
1087 3060 1207 3117 Naxum

200 3165 330 3236 serretur,
365 3164 416 3222 ubi
456 3175 518 3222 tum
554 3161 776 3220 Atheniensium
819 3172 882 3220 erat
921 3164 1076 3235 exercitus,
1113 3166 1207 3224 sensit

199 3270 423 3341 Themistocles,
446 3275 470 3327 si
492 3274 528 3326 eo
550 3268 738 3343 pervenisset,
761 3267 816 3326 sibi
838 3286 901 3326 esse
923 3268 1119 3342 pereundum.

241 3376 309 3432 Hec
335 3374 510 3432 necessitete
535 3379 656 3431 coactus
681 3371 804 3430 domine
833 3374 914 3431 nevis
942 3375 1007 3448 quis
1034 3375 1070 3432 sit
1099 3377 1206 3451 aperit,

150 3510 176 3554 30
200 3480 292 3538 multa
316 3480 468 3555 pollicens,
490 3485 513 3536 si
538 3482 569 3536 se
594 3483 803 3536 conservasset.
845 3482 884 3536 At
908 3479 956 3537 ille
977 3480 1132 3538 clerissimi
1153 3483 1208 3540 viri

200 3596 305 3662 captus
327 3584 528 3643 misericordia
551 3583 632 3642 diem
656 3593 835 3659 noctemque
860 3586 963 3658 procul
988 3586 1026 3644 ab
1050 3588 1147 3645 insule
1174 3589 1206 3645 in

201 3692 262 3752 salo
291 3698 396 3752 navem
424 3690 518 3756 tenuit
545 3689 576 3755 in
604 3694 718 3750 ancoris
751 3707 848 3766 neque
879 3707 1059 3772 quemquam
1094 3710 1133 3750 ex
1169 3699 1207 3754 ee
