2574 4146
115 282 167 334 111,
179 274 230 340 rv.]
561 271 739 322 CHABRIAS
1136 274 1173 340 55

121 447 211 505 fectus
238 447 401 522 Aegyptiae
426 446 512 504 classi
537 445 672 520 praefuit,
696 444 884 521 pedestribus
908 445 1003 521 cepiis
1026 444 1125 520 Agesi-

123 553 188 611 leus.

158 650 216 717 ΙΙΙ.
244 659 323 715 Tum
345 657 488 732 praefecti
509 657 585 732 regis
608 660 713 715 Persae
735 657 848 732 legetes
870 662 1010 715 miserunt
1034 657 1124 716 Athe·

121 771 169 822 nis
204 774 353 839 questum,
389 763 471 838 quod
507 762 648 822 Chabries
683 761 839 820 adversum
876 767 976 838 regem
1015 763 1123 822 bellum

118 881 234 946 gereret
262 887 331 925 cum
359 869 519 944 Aegyptiis.
574 868 768 926 Athenienses
797 868 877 926 diem
906 880 1018 927 certam
1047 870 1123 929 Cha·
1149 892 1159 939 ς

119 976 196 1033 briae
237 975 474 1049 praestituerunt,
513 992 602 1048 quam
639 984 707 1030 ante
743 974 866 1032 domum
901 976 957 1033 nisi
991 976 1123 1048 redisset,

116 1081 221 1156 capitis
248 1085 280 1138 se
306 1080 386 1137 illum
409 1079 599 1137 damneteres
622 1080 839 1139 denitntierunt.
884 1083 955 1139 Hec
977 1082 1025 1140 ille
1050 1088 1123 1141 min-

116 1188 158 1244 tie
187 1186 320 1244 Athenis
349 1186 445 1257 rediit,
469 1203 566 1260 neque
595 1186 635 1244 ibi
665 1186 774 1245 diritius
803 1197 847 1245 est
874 1194 1013 1260 moretus,
1035 1206 1123 1262 quam

116 1293 170 1350 suit
194 1309 328 1349 necesse.
371 1293 442 1349 Nen
463 1292 542 1348 enim
564 1291 690 1349 libenter
713 1303 774 1351 erat
795 1304 863 1351 ante
886 1295 987 1352 ocules
1007 1299 1124 1352 suerum

115 1398 235 1470 civium,
256 1397 340 1471 quod
362 1406 392 1454 et
415 1397 533 1455 vivebat
555 1398 633 1456 laute
660 1408 690 1456 et
712 1399 882 1473 indulgebat
904 1400 959 1458 sibi
980 1400 1124 1458 liberelius
1149 1427 1175 1458 ιο

115 1522 206 1579 quam
235 1513 268 1560 ut
295 1502 437 1560 imiidiam
464 1503 543 1578 vulgi
570 1515 671 1578 posset
700 1505 837 1580 effugere.
881 1507 934 1564 Est
962 1507 1041 1564 enim
1066 1507 1124 1564 hec

114 1614 278 1668 commime
302 1608 406 1666 vitium
435 1615 547 1684 megnis
576 1610 731 1685 liberisque
757 1612 930 1683 civitetibuS,
955 1621 987 1669 ut
1015 1612 1124 1669 invidia

113 1716 227 1791 gleriae
262 1733 365 1772 comes
401 1714 437 1773 sit
472 1725 502 1773 et
537 1716 662 1774 libenter
701 1715 740 1774 de
773 1723 815 1775 eis
854 1717 1008 1774 detrahant
1049 1723 1124 1792 ques

114 1823 247 1880 eminere
287 1821 408 1878 videant
444 1822 538 1892 altiuS,
574 1841 671 1896 neque
710 1823 809 1880 anime
847 1829 944 1898 aeque
979 1829 1124 1899 pauperes

113 1928 243 1985 alienam
273 1928 455 2002 opulentiam
484 1928 660 1985 intueantur.
710 1930 815 2002 Itaque
844 1929 995 2000 Chabrias,
1024 1930 1123 2004 quoad
1149 1951 1172 1998 ις

114 2041 142 2092 ei
165 2034 284 2105 licebat,
304 2034 462 2108 pltirimum
483 2034 593 2093 aberat.
636 2035 743 2108 Neque
765 2039 834 2092 vere
857 2035 934 2092 selus
956 2035 1003 2092 ille
1022 2036 1123 2094 aberat

113 2142 241 2198 Athenis
263 2140 398 2211 libenter,
417 2140 471 2198 sed
493 2145 597 2197 omnes
623 2141 683 2197 fere
704 2141 853 2215 principes
875 2141 1012 2198 iecerunt
1033 2142 1123 2214 idem,

112 2247 198 2322 quod
227 2256 344 2303 tantum
372 2250 404 2303 se
432 2245 470 2304 ab
498 2245 609 2303 invidie
636 2247 779 2319 putabant
811 2247 950 2318 esuttires,
980 2227 1122 2322 quantum

113 2360 131 2411 e
153 2357 322 2427 censpectir
344 2357 462 2410 suerum
484 2352 666 2409 recesserint.
710 2353 814 2427 Itaque
837 2353 944 2410 Conen
966 2353 1123 2428 phirimum

114 2460 207 2534 Cypri
242 2459 324 2527 vixit,
357 2444 525 2532 iphicrates
560 2458 590 2515 in
624 2458 778 2528 Thraeciae,
813 2458 987 2516 Timotheus
1027 2461 1123 2531 Lesbi,
1146 2485 1174 2515 ιο

114 2565 230 2624 Chares
256 2565 342 2639 Sigei,
364 2563 511 2621 dissimilis
533 2562 655 2638 quidem
678 2564 789 2621 Chares
811 2563 916 2621 herum
938 2577 967 2622 et
989 2566 1072 2623 factis
1094 2576 1124 2624 et

115 2671 259 2741 meribus,
282 2669 336 2727 sed
357 2679 458 2726 tamen
479 2669 602 2727 Athenis
624 2679 653 2726 et
675 2669 834 2726 honoretus
856 2680 885 2726 et
906 2675 1022 2744 potens.
1047 2687 1050 2694 ·

157 2778 210 2833 IV.
240 2775 385 2834 Chabries
424 2785 522 2833 autem
560 2776 647 2849 periit
685 2775 763 2832 belle
802 2777 903 2833 socieli
937 2777 987 2834 tili
1021 2777 1122 2835 mode.

116 2853 341 2956 Opptignebant
358 2881 553 2938 Athenienses
571 2881 690 2938 Chium.
733 2883 805 2938 Erat
822 2881 853 2938 in
870 2882 962 2939 classe
982 2883 1124 2941 Chabries

118 2993 255 3060 privetus,
282 2986 335 3044 sed
364 2990 477 3057 omneS,
504 2993 554 3060 qui
582 2987 612 3042 in
636 2986 807 3060 magistretti
831 2997 923 3059 erant,
948 2989 1123 3046 aucteritete
1147 3016 1172 3061 ²5

118 3093 259 3163 anteibat,
286 3109 413 3165 eumque
439 3092 532 3165 magis
558 3091 663 3148 milites
688 3109 777 3165 quam
802 3098 852 3165 qui
880 3103 1034 3167 praeerant
1063 3112 1122 3151 sus-

120 3198 278 3272 piciebant.
331 3197 416 3271 Quae
445 3202 490 3254 res
520 3203 548 3254 ei
575 3198 730 3254 meturevit
759 3208 893 3255 mortem.
944 3200 1023 3256 Nam
1051 3199 1123 3258 dum

121 3312 229 3376 primus
269 3302 369 3360 studet
407 3313 525 3377 portum
568 3303 676 3360 intrere
717 3304 1004 3379 gubernatoremque
1043 3306 1124 3364 iubet

123 3414 157 3466 ee
177 3410 311 3485 derigere
333 3415 447 3480 nevem,
470 3410 533 3483 ipse
555 3410 609 3467 sibi
632 3410 773 3483 perniciei
794 3410 848 3468 fuit
858 3431 866 3482 ;
895 3430 963 3468 cum
986 3411 1065 3469 enim
1087 3418 1124 3470 ee

124 3520 313 3587 penetresset,
331 3519 447 3572 ceterae
469 3519 529 3572 nen
551 3525 617 3571 sunt
639 3520 767 3572 secutae.
811 3515 879 3588 Que
901 3517 979 3574 facte
999 3517 1123 3575 circum·
1147 3548 1175 3592 30

126 3619 205 3678 susus
237 3619 365 3679 hostiurn
398 3625 544 3677 concursu
576 3639 643 3676 cum
676 3621 832 3678 fortissime
864 3627 1015 3696 pirgneret,
1043 3625 1124 3681 nevis

126 3729 215 3783 restre
237 3743 376 3800 percussa
397 3726 497 3799 coepit
519 3724 623 3782 sidere.
667 3726 748 3782 Hinc
770 3727 902 3801 refugere
924 3746 991 3784 cum
1013 3739 1124 3802 posset,
1198 3804 1200 3808 .
