<?xml version="1.0" encoding="UTF-8"?>
<!DOCTYPE html PUBLIC "-//W3C//DTD XHTML 1.0 Transitional//EN"
    "http://www.w3.org/TR/xhtml1/DTD/xhtml1-transitional.dtd">
<html xmlns="http://www.w3.org/1999/xhtml" xml:lang="en" lang="en">
 <head>
  <title>
</title>
<meta http-equiv="Content-Type" content="text/html;charset=utf-8" />
  <meta name='ocr-system' content='tesseract 3.04.00' />
  <meta name='ocr-capabilities' content='ocr_page ocr_carea ocr_par ocr_line ocrx_word'/>
</head>
<body>
  <div class='ocr_page' id='page_1' title='image "./corneliinepotis02nepogoog_0157.png"; bbox 0 0 2574 4146; ppageno 0'>
   <div class='ocr_carea' id='block_1_1' title="bbox 119 249 1172 318">
    <p class='ocr_par' dir='ltr' id='par_1_1' title="bbox 119 249 1172 318">
     <span class='ocr_line' id='line_1_1' title="bbox 119 249 1172 318; baseline 0.007 -17"><span class='ocrx_word' id='word_1_1' title='bbox 119 265 166 312; x_wconf 67' lang='grc' dir='ltr'>ιιι,</span> <span class='ocrx_word' id='word_1_2' title='bbox 178 250 232 318; x_wconf 88' lang='lat' dir='ltr'>1v.]</span> <span class='ocrx_word' id='word_1_3' title='bbox 581 249 727 304; x_wconf 69' lang='lat' dir='ltr'>arrtcus</span> <span class='ocrx_word' id='word_1_4' title='bbox 1117 256 1172 308; x_wconf 85' lang='lat'>121</span> 
     </span>
    </p>
   </div>
   <div class='ocr_carea' id='block_1_2' title="bbox 68 423 1171 3781">
    <p class='ocr_par' dir='ltr' id='par_1_2' title="bbox 68 423 1171 3781">
     <span class='ocr_line' id='line_1_2' title="bbox 120 423 1125 504; baseline 0.002 -20"><span class='ocrx_word' id='word_1_5' title='bbox 120 427 331 484; x_wconf 76' lang='lat' dir='ltr'>datrimentum</span> <span class='ocrx_word' id='word_1_6' title='bbox 352 423 472 499; x_wconf 90' lang='lat' dir='ltr'>aliquod</span> <span class='ocrx_word' id='word_1_7' title='bbox 494 424 622 484; x_wconf 81' lang='lat' dir='ltr'><strong>adferret</strong></span> <span class='ocrx_word' id='word_1_8' title='bbox 639 433 681 484; x_wconf 88' lang='lat' dir='ltr'>rei</span> <span class='ocrx_word' id='word_1_9' title='bbox 699 427 840 498; x_wconf 85' lang='lat' dir='ltr'>familiari,</span> <span class='ocrx_word' id='word_1_10' title='bbox 856 426 966 486; x_wconf 81' lang='lat' dir='ltr'>eadem</span> <span class='ocrx_word' id='word_1_11' title='bbox 988 433 1125 504; x_wconf 87' lang='lat' dir='ltr'>magnam</span> 
     </span>
     <span class='ocr_line' id='line_1_3' title="bbox 119 519 1123 607; baseline 0.002 -17"><span class='ocrx_word' id='word_1_12' title='bbox 119 542 233 607; x_wconf 86' lang='lat' dir='ltr'>partem</span> <span class='ocrx_word' id='word_1_13' title='bbox 255 532 445 591; x_wconf 80' lang='lat' dir='ltr'>fortunarum</span> <span class='ocrx_word' id='word_1_14' title='bbox 468 532 582 590; x_wconf 80' lang='lat' dir='ltr'>traiacit</span> <span class='ocrx_word' id='word_1_15' title='bbox 601 538 728 591; x_wconf 90' lang='lat' dir='ltr'>suarum.</span> <span class='ocrx_word' id='word_1_16' title='bbox 771 534 830 590; x_wconf 86' lang='lat' dir='ltr'>Hic</span> <span class='ocrx_word' id='word_1_17' title='bbox 852 519 892 590; x_wconf 86' lang='lat' dir='ltr'>ita</span> <span class='ocrx_word' id='word_1_18' title='bbox 913 534 993 606; x_wconf 83' lang='lat' dir='ltr'>vixit,</span> <span class='ocrx_word' id='word_1_19' title='bbox 1007 545 1041 593; x_wconf 92' lang='lat' dir='ltr'>ut</span> <span class='ocrx_word' id='word_1_20' title='bbox 1061 536 1123 594; x_wconf 84' lang='lat' dir='ltr'>ani-</span> 
     </span>
     <span class='ocr_line' id='line_1_4' title="bbox 117 637 1125 715; baseline 0.004 -20"><span class='ocrx_word' id='word_1_21' title='bbox 117 644 206 696; x_wconf 84' lang='lat' dir='ltr'>versis</span> <span class='ocrx_word' id='word_1_22' title='bbox 227 637 458 697; x_wconf 78' lang='lat' dir='ltr'>Athaniansibus</span> <span class='ocrx_word' id='word_1_23' title='bbox 480 638 585 696; x_wconf 83' lang='lat' dir='ltr'>merita</span> <span class='ocrx_word' id='word_1_24' title='bbox 607 648 685 696; x_wconf 90' lang='lat' dir='ltr'>esset</span> <span class='ocrx_word' id='word_1_25' title='bbox 705 638 870 696; x_wconf 89' lang='lat' dir='ltr'>carissimus</span> <span class='ocrx_word' id='word_1_26' title='bbox 881 660 890 711; x_wconf 90' lang='lat'>;</span> <span class='ocrx_word' id='word_1_27' title='bbox 918 658 987 697; x_wconf 91' lang='lat' dir='ltr'>nam</span> <span class='ocrx_word' id='word_1_28' title='bbox 1007 652 1125 715; x_wconf 89' lang='lat' dir='ltr'>praeter</span> 
     </span>
     <span class='ocr_line' id='line_1_5' title="bbox 116 743 1123 822; baseline 0.003 -21"><span class='ocrx_word' id='word_1_29' title='bbox 116 744 251 819; x_wconf 84' lang='lat' dir='ltr'>gratiam,</span> <span class='ocrx_word' id='word_1_30' title='bbox 280 761 357 818; x_wconf 87' lang='lat' dir='ltr'>quae</span> <span class='ocrx_word' id='word_1_31' title='bbox 389 744 447 800; x_wconf 90' lang='lat' dir='ltr'>iam</span> <span class='ocrx_word' id='word_1_32' title='bbox 478 743 509 802; x_wconf 92' lang='lat' dir='ltr'>in</span> <span class='ocrx_word' id='word_1_33' title='bbox 540 744 762 802; x_wconf 75' lang='lat' dir='ltr'>adulascentula</span> <span class='ocrx_word' id='word_1_34' title='bbox 793 751 900 820; x_wconf 88' lang='lat' dir='ltr'>magna</span> <span class='ocrx_word' id='word_1_35' title='bbox 934 755 1005 816; x_wconf 89' lang='lat' dir='ltr'>erat,</span> <span class='ocrx_word' id='word_1_36' title='bbox 1034 764 1123 822; x_wconf 87' lang='lat' dir='ltr'>saepe</span> 
     </span>
     <span class='ocr_line' id='line_1_6' title="bbox 117 848 1158 925; baseline 0.003 -18"><span class='ocrx_word' id='word_1_37' title='bbox 117 856 174 908; x_wconf 86' lang='lat' dir='ltr'>suis</span> <span class='ocrx_word' id='word_1_38' title='bbox 199 849 308 924; x_wconf 89' lang='lat' dir='ltr'>opibus</span> <span class='ocrx_word' id='word_1_39' title='bbox 334 848 465 924; x_wconf 90' lang='lat' dir='ltr'>inopiam</span> <span class='ocrx_word' id='word_1_40' title='bbox 490 854 591 907; x_wconf 78' lang='lat' dir='ltr'>earum</span> <span class='ocrx_word' id='word_1_41' title='bbox 618 849 766 925; x_wconf 84' lang='lat' dir='ltr'>publicam</span> <span class='ocrx_word' id='word_1_42' title='bbox 789 850 902 909; x_wconf 89' lang='lat' dir='ltr'>levavit.</span> <span class='ocrx_word' id='word_1_43' title='bbox 945 853 1022 910; x_wconf 93' lang='lat' dir='ltr'>Cum</span> <span class='ocrx_word' id='word_1_44' title='bbox 1044 852 1123 910; x_wconf 90' lang='lat' dir='ltr'>enim</span> <span class='ocrx_word' id='word_1_45' title='bbox 1148 876 1158 923; x_wconf 81' lang='lat'><strong>5</strong></span> 
     </span>
     <span class='ocr_line' id='line_1_7' title="bbox 68 936 1122 1030; baseline 0.004 -19"><span class='ocrx_word' id='word_1_46' title='bbox 68 979 98 1005; x_wconf 54' lang='lat' dir='ltr'>ra</span> <span class='ocrx_word' id='word_1_47' title='bbox 115 960 266 1013; x_wconf 83' lang='lat' dir='ltr'>versaram</span> <span class='ocrx_word' id='word_1_48' title='bbox 294 954 392 1012; x_wconf 81' lang='lat' dir='ltr'>facere</span> <span class='ocrx_word' id='word_1_49' title='bbox 421 954 538 1029; x_wconf 73' lang='lat' dir='ltr'>pablica</span> <span class='ocrx_word' id='word_1_50' title='bbox 569 973 691 1014; x_wconf 87' lang='lat' dir='ltr'>necesse</span> <span class='ocrx_word' id='word_1_51' title='bbox 722 966 801 1014; x_wconf 88' lang='lat' dir='ltr'>esset</span> <span class='ocrx_word' id='word_1_52' title='bbox 830 974 926 1030; x_wconf 89' lang='lat' dir='ltr'>neque</span> <span class='ocrx_word' id='word_1_53' title='bbox 958 957 1020 1016; x_wconf 74' lang='lat' dir='ltr'>aius</span> <span class='ocrx_word' id='word_1_54' title='bbox 1051 936 1122 1016; x_wconf 87' lang='lat' dir='ltr'>con·</span> 
     </span>
     <span class='ocr_line' id='line_1_8' title="bbox 116 1060 1121 1138; baseline 0.002 -20"><span class='ocrx_word' id='word_1_55' title='bbox 116 1060 269 1119; x_wconf 81' lang='lat' dir='ltr'>dicianem</span> <span class='ocrx_word' id='word_1_56' title='bbox 293 1078 420 1135; x_wconf 87' lang='lat' dir='ltr'>aequam</span> <span class='ocrx_word' id='word_1_57' title='bbox 445 1060 597 1133; x_wconf 74' lang='lat' dir='ltr'>habarent‚</span> <span class='ocrx_word' id='word_1_58' title='bbox 622 1079 741 1137; x_wconf 87' lang='lat' dir='ltr'>semper</span> <span class='ocrx_word' id='word_1_59' title='bbox 765 1067 797 1120; x_wconf 78' lang='lat' dir='ltr'>sa</span> <span class='ocrx_word' id='word_1_60' title='bbox 824 1062 1007 1137; x_wconf 88' lang='lat' dir='ltr'>interposuit,</span> <span class='ocrx_word' id='word_1_61' title='bbox 1033 1073 1121 1138; x_wconf 90' lang='lat' dir='ltr'>atque</span> 
     </span>
     <span class='ocr_line' id='line_1_9' title="bbox 116 1167 1122 1244; baseline 0.003 -20"><span class='ocrx_word' id='word_1_62' title='bbox 116 1167 166 1236; x_wconf 90' lang='lat' dir='ltr'>ita,</span> <span class='ocrx_word' id='word_1_63' title='bbox 189 1176 223 1224; x_wconf 93' lang='lat' dir='ltr'>ut</span> <span class='ocrx_word' id='word_1_64' title='bbox 253 1184 352 1240; x_wconf 88' lang='lat' dir='ltr'>neque</span> <span class='ocrx_word' id='word_1_65' title='bbox 385 1171 501 1224; x_wconf 83' lang='lat' dir='ltr'>asaram</span> <span class='ocrx_word' id='word_1_66' title='bbox 534 1184 675 1240; x_wconf 91' lang='lat' dir='ltr'>umquam</span> <span class='ocrx_word' id='word_1_67' title='bbox 707 1168 810 1227; x_wconf 88' lang='lat' dir='ltr'>abeis</span> <span class='ocrx_word' id='word_1_68' title='bbox 841 1168 990 1244; x_wconf 74' lang='lat' dir='ltr'>accaperit</span> <span class='ocrx_word' id='word_1_69' title='bbox 1024 1186 1122 1243; x_wconf 88' lang='lat' dir='ltr'>neque</span> 
     </span>
     <span class='ocr_line' id='line_1_10' title="bbox 116 1272 1122 1349; baseline 0.003 -18"><span class='ocrx_word' id='word_1_70' title='bbox 116 1272 232 1349; x_wconf 90' lang='lat' dir='ltr'>longius</span> <span class='ocrx_word' id='word_1_71' title='bbox 266 1290 357 1348; x_wconf 88' lang='lat' dir='ltr'>quarn</span> <span class='ocrx_word' id='word_1_72' title='bbox 387 1272 500 1330; x_wconf 90' lang='lat' dir='ltr'>dictum</span> <span class='ocrx_word' id='word_1_73' title='bbox 536 1283 613 1331; x_wconf 93' lang='lat' dir='ltr'>esset</span> <span class='ocrx_word' id='word_1_74' title='bbox 648 1272 759 1332; x_wconf 71' lang='lat' dir='ltr'>dabare</span> <span class='ocrx_word' id='word_1_75' title='bbox 794 1291 896 1349; x_wconf 86' lang='lat' dir='ltr'>passus</span> <span class='ocrx_word' id='word_1_76' title='bbox 928 1274 974 1332; x_wconf 92' lang='lat' dir='ltr'>sit.</span> <span class='ocrx_word' id='word_1_77' title='bbox 1031 1276 1122 1349; x_wconf 92' lang='lat' dir='ltr'>Quod</span> 
     </span>
     <span class='ocr_line' id='line_1_11' title="bbox 115 1379 1171 1455; baseline 0.004 -19"><span class='ocrx_word' id='word_1_78' title='bbox 115 1389 275 1453; x_wconf 89' lang='lat' dir='ltr'>utrumque</span> <span class='ocrx_word' id='word_1_79' title='bbox 303 1389 366 1437; x_wconf 87' lang='lat' dir='ltr'>erat</span> <span class='ocrx_word' id='word_1_80' title='bbox 384 1385 427 1437; x_wconf 85' lang='lat' dir='ltr'>eis</span> <span class='ocrx_word' id='word_1_81' title='bbox 457 1379 582 1437; x_wconf 80' lang='lat' dir='ltr'>salatare</span> <span class='ocrx_word' id='word_1_82' title='bbox 593 1400 602 1451; x_wconf 91' lang='lat'>;</span> <span class='ocrx_word' id='word_1_83' title='bbox 637 1396 707 1437; x_wconf 90' lang='lat' dir='ltr'>nam</span> <span class='ocrx_word' id='word_1_84' title='bbox 740 1397 835 1454; x_wconf 88' lang='lat' dir='ltr'>neque</span> <span class='ocrx_word' id='word_1_85' title='bbox 866 1379 1046 1455; x_wconf 83' lang='lat' dir='ltr'>indulgendo</span> <span class='ocrx_word' id='word_1_86' title='bbox 1077 1382 1119 1439; x_wconf 89' lang='lat' dir='ltr'>in·</span> <span class='ocrx_word' id='word_1_87' title='bbox 1146 1411 1171 1441; x_wconf 86' lang='lat'>10</span> 
     </span>
     <span class='ocr_line' id='line_1_12' title="bbox 115 1485 1120 1563; baseline 0.002 -20"><span class='ocrx_word' id='word_1_88' title='bbox 115 1491 300 1543; x_wconf 89' lang='lat' dir='ltr'>veterascere</span> <span class='ocrx_word' id='word_1_89' title='bbox 324 1490 427 1543; x_wconf 82' lang='lat' dir='ltr'>earum</span> <span class='ocrx_word' id='word_1_90' title='bbox 451 1503 501 1542; x_wconf 90' lang='lat' dir='ltr'>aes</span> <span class='ocrx_word' id='word_1_91' title='bbox 525 1485 653 1544; x_wconf 73' lang='lat' dir='ltr'>alianum</span> <span class='ocrx_word' id='word_1_92' title='bbox 678 1486 844 1560; x_wconf 72' lang='lat' dir='ltr'>patiabatur</span> <span class='ocrx_word' id='word_1_93' title='bbox 864 1505 960 1562; x_wconf 89' lang='lat' dir='ltr'>neque</span> <span class='ocrx_word' id='word_1_94' title='bbox 982 1488 1120 1563; x_wconf 90' lang='lat' dir='ltr'>multipli-</span> 
     </span>
     <span class='ocr_line' id='line_1_13' title="bbox 115 1591 1121 1668; baseline 0.004 -20"><span class='ocrx_word' id='word_1_95' title='bbox 115 1591 217 1649; x_wconf 85' lang='lat' dir='ltr'>candis</span> <span class='ocrx_word' id='word_1_96' title='bbox 245 1596 339 1649; x_wconf 80' lang='lat' dir='ltr'>asans</span> <span class='ocrx_word' id='word_1_97' title='bbox 367 1595 510 1650; x_wconf 73' lang='lat' dir='ltr'>crascere.</span> <span class='ocrx_word' id='word_1_98' title='bbox 555 1592 644 1650; x_wconf 87' lang='lat' dir='ltr'>Auxit</span> <span class='ocrx_word' id='word_1_99' title='bbox 672 1591 730 1650; x_wconf 82' lang='lat' dir='ltr'>hac</span> <span class='ocrx_word' id='word_1_100' title='bbox 758 1592 889 1651; x_wconf 89' lang='lat' dir='ltr'>officium</span> <span class='ocrx_word' id='word_1_101' title='bbox 918 1594 973 1651; x_wconf 91' lang='lat' dir='ltr'>alia</span> <span class='ocrx_word' id='word_1_102' title='bbox 1001 1612 1121 1668; x_wconf 90' lang='lat' dir='ltr'>quoque</span> 
     </span>
     <span class='ocr_line' id='line_1_14' title="bbox 115 1697 1121 1770; baseline 0.003 -15"><span class='ocrx_word' id='word_1_103' title='bbox 115 1697 309 1767; x_wconf 78' lang='lat' dir='ltr'>liberalitate;</span> <span class='ocrx_word' id='word_1_104' title='bbox 350 1715 420 1755; x_wconf 90' lang='lat' dir='ltr'>nam</span> <span class='ocrx_word' id='word_1_105' title='bbox 460 1698 611 1755; x_wconf 79' lang='lat' dir='ltr'>aniversas</span> <span class='ocrx_word' id='word_1_106' title='bbox 653 1699 800 1756; x_wconf 81' lang='lat' dir='ltr'>framenta</span> <span class='ocrx_word' id='word_1_107' title='bbox 841 1698 970 1770; x_wconf 82' lang='lat' dir='ltr'>danavit,</span> <span class='ocrx_word' id='word_1_108' title='bbox 1007 1699 1049 1757; x_wconf 87' lang='lat' dir='ltr'>ita</span> <span class='ocrx_word' id='word_1_109' title='bbox 1089 1710 1121 1758; x_wconf 91' lang='lat' dir='ltr'>ut</span> 
     </span>
     <span class='ocr_line' id='line_1_15' title="bbox 115 1802 1120 1878; baseline 0.004 -18"><span class='ocrx_word' id='word_1_110' title='bbox 115 1803 234 1878; x_wconf 86' lang='lat' dir='ltr'>singulis</span> <span class='ocrx_word' id='word_1_111' title='bbox 260 1807 324 1862; x_wconf 70' lang='lat' dir='ltr'>sani</span> <span class='ocrx_word' id='word_1_112' title='bbox 348 1802 443 1861; x_wconf 89' lang='lat' dir='ltr'>modii</span> <span class='ocrx_word' id='word_1_113' title='bbox 466 1803 553 1861; x_wconf 87' lang='lat' dir='ltr'>tritici</span> <span class='ocrx_word' id='word_1_114' title='bbox 582 1804 729 1874; x_wconf 86' lang='lat' dir='ltr'>darentur,</span> <span class='ocrx_word' id='word_1_115' title='bbox 754 1809 805 1878; x_wconf 91' lang='lat' dir='ltr'>qui</span> <span class='ocrx_word' id='word_1_116' title='bbox 833 1804 938 1862; x_wconf 92' lang='lat' dir='ltr'>modus</span> <span class='ocrx_word' id='word_1_117' title='bbox 967 1809 1120 1864; x_wconf 71' lang='lat' dir='ltr'>mansarae</span> 
     </span>
     <span class='ocr_line' id='line_1_16' title="bbox 114 1908 1169 1984; baseline -0.001 -17"><span class='ocrx_word' id='word_1_118' title='bbox 114 1909 283 1967; x_wconf 88' lang='lat' dir='ltr'>medimnus</span> <span class='ocrx_word' id='word_1_119' title='bbox 304 1908 427 1967; x_wconf 76' lang='lat' dir='ltr'>Athanis</span> <span class='ocrx_word' id='word_1_120' title='bbox 448 1909 620 1984; x_wconf 90' lang='lat' dir='ltr'>appellatur.</span> <span class='ocrx_word' id='word_1_121' title='bbox 1146 1934 1169 1980; x_wconf 78' lang='grc' dir='ltr'>ις</span> 
     </span>
     <span class='ocr_line' id='line_1_17' title="bbox 153 2015 1120 2090; baseline 0.001 -18"><span class='ocrx_word' id='word_1_122' title='bbox 153 2015 213 2073; x_wconf 93' lang='lat' dir='ltr'>III.</span> <span class='ocrx_word' id='word_1_123' title='bbox 244 2016 307 2073; x_wconf 87' lang='lat' dir='ltr'>Hic</span> <span class='ocrx_word' id='word_1_124' title='bbox 334 2024 434 2073; x_wconf 91' lang='lat' dir='ltr'>autem</span> <span class='ocrx_word' id='word_1_125' title='bbox 462 2021 504 2072; x_wconf 85' lang='lat' dir='ltr'>sic</span> <span class='ocrx_word' id='word_1_126' title='bbox 532 2019 564 2072; x_wconf 78' lang='lat' dir='ltr'>sa</span> <span class='ocrx_word' id='word_1_127' title='bbox 592 2015 721 2090; x_wconf 73' lang='lat' dir='ltr'>gerahat,</span> <span class='ocrx_word' id='word_1_128' title='bbox 750 2025 782 2073; x_wconf 90' lang='lat' dir='ltr'>ut</span> <span class='ocrx_word' id='word_1_129' title='bbox 810 2016 976 2075; x_wconf 81' lang='lat' dir='ltr'>commanis</span> <span class='ocrx_word' id='word_1_130' title='bbox 1002 2016 1120 2086; x_wconf 86' lang='lat' dir='ltr'>intimis,</span> 
     </span>
     <span class='ocr_line' id='line_1_18' title="bbox 113 2119 1121 2196; baseline 0.003 -19"><span class='ocrx_word' id='word_1_131' title='bbox 113 2126 165 2194; x_wconf 89' lang='lat' dir='ltr'>par</span> <span class='ocrx_word' id='word_1_132' title='bbox 186 2121 371 2196; x_wconf 88' lang='lat' dir='ltr'>principibus</span> <span class='ocrx_word' id='word_1_133' title='bbox 391 2119 549 2179; x_wconf 73' lang='lat' dir='ltr'>vidaratur.</span> <span class='ocrx_word' id='word_1_134' title='bbox 592 2120 661 2194; x_wconf 80' lang='lat' dir='ltr'>Qua</span> <span class='ocrx_word' id='word_1_135' title='bbox 683 2121 793 2178; x_wconf 83' lang='lat' dir='ltr'>sactum</span> <span class='ocrx_word' id='word_1_136' title='bbox 815 2131 910 2179; x_wconf 90' lang='lat' dir='ltr'>estut</span> <span class='ocrx_word' id='word_1_137' title='bbox 930 2122 998 2179; x_wconf 91' lang='lat' dir='ltr'>huic</span> <span class='ocrx_word' id='word_1_138' title='bbox 1018 2126 1121 2180; x_wconf 75' lang='lat' dir='ltr'>omnas</span> 
     </span>
     <span class='ocr_line' id='line_1_19' title="bbox 114 2225 1121 2302; baseline 0.003 -19"><span class='ocrx_word' id='word_1_139' title='bbox 114 2225 251 2298; x_wconf 77' lang='lat' dir='ltr'>honaraS‚</span> <span class='ocrx_word' id='word_1_140' title='bbox 277 2231 353 2301; x_wconf 80' lang='lat' dir='ltr'>quas</span> <span class='ocrx_word' id='word_1_141' title='bbox 377 2237 508 2301; x_wconf 91' lang='lat' dir='ltr'>possent,</span> <span class='ocrx_word' id='word_1_142' title='bbox 530 2227 647 2302; x_wconf 79' lang='lat' dir='ltr'>pablica</span> <span class='ocrx_word' id='word_1_143' title='bbox 675 2227 818 2285; x_wconf 75' lang='lat' dir='ltr'>habarent</span> <span class='ocrx_word' id='word_1_144' title='bbox 843 2233 999 2302; x_wconf 90' lang='lat' dir='ltr'>civemque</span> <span class='ocrx_word' id='word_1_145' title='bbox 1024 2229 1121 2286; x_wconf 80' lang='lat' dir='ltr'>facere</span> 
     </span>
     <span class='ocr_line' id='line_1_20' title="bbox 112 2332 1120 2408; baseline 0.002 -19"><span class='ocrx_word' id='word_1_146' title='bbox 112 2333 286 2404; x_wconf 74' lang='lat' dir='ltr'>studarent5</span> <span class='ocrx_word' id='word_1_147' title='bbox 310 2337 372 2406; x_wconf 81' lang='lat' dir='ltr'>qua</span> <span class='ocrx_word' id='word_1_148' title='bbox 389 2332 536 2392; x_wconf 80' lang='lat' dir='ltr'>beneficia</span> <span class='ocrx_word' id='word_1_149' title='bbox 554 2332 602 2390; x_wconf 92' lang='lat' dir='ltr'>ille</span> <span class='ocrx_word' id='word_1_150' title='bbox 624 2337 665 2390; x_wconf 83' lang='lat' dir='ltr'>ati</span> <span class='ocrx_word' id='word_1_151' title='bbox 687 2333 788 2390; x_wconf 80' lang='lat' dir='ltr'>naluit.</span> <span class='ocrx_word' id='word_1_152' title='bbox 830 2333 928 2407; x_wconf 88' lang='lat' dir='ltr'>Quam</span> <span class='ocrx_word' id='word_1_153' title='bbox 946 2333 997 2392; x_wconf 80' lang='lat' dir='ltr'>dia</span> <span class='ocrx_word' id='word_1_154' title='bbox 1018 2333 1120 2408; x_wconf 87' lang='lat' dir='ltr'>adsuit,</span> 
     </span>
     <span class='ocr_line' id='line_1_21' title="bbox 113 2437 1171 2515; baseline 0.002 -19"><span class='ocrx_word' id='word_1_155' title='bbox 113 2442 151 2496; x_wconf 76' lang='lat' dir='ltr'>ne</span> <span class='ocrx_word' id='word_1_156' title='bbox 171 2456 233 2513; x_wconf 92' lang='lat' dir='ltr'>qua</span> <span class='ocrx_word' id='word_1_157' title='bbox 254 2437 310 2497; x_wconf 91' lang='lat' dir='ltr'>sibi</span> <span class='ocrx_word' id='word_1_158' title='bbox 330 2447 427 2496; x_wconf 87' lang='lat' dir='ltr'>statua</span> <span class='ocrx_word' id='word_1_159' title='bbox 447 2442 606 2512; x_wconf 75' lang='lat' dir='ltr'>paueretur</span> <span class='ocrx_word' id='word_1_160' title='bbox 627 2439 741 2509; x_wconf 86' lang='lat' dir='ltr'>restitit,</span> <span class='ocrx_word' id='word_1_161' title='bbox 757 2439 863 2498; x_wconf 75' lang='lat' dir='ltr'>absans</span> <span class='ocrx_word' id='word_1_162' title='bbox 885 2439 1041 2515; x_wconf 76' lang='lat' dir='ltr'>prohibare</span> <span class='ocrx_word' id='word_1_163' title='bbox 1060 2446 1121 2499; x_wconf 81' lang='lat' dir='ltr'>nan</span> <span class='ocrx_word' id='word_1_164' title='bbox 1143 2467 1171 2498; x_wconf 89' lang='lat'>20</span> 
     </span>
     <span class='ocr_line' id='line_1_22' title="bbox 114 2543 1120 2618; baseline 0.003 -17"><span class='ocrx_word' id='word_1_165' title='bbox 114 2545 216 2618; x_wconf 86' lang='lat' dir='ltr'>potuit</span> <span class='ocrx_word' id='word_1_166' title='bbox 267 2545 373 2618; x_wconf 86' lang='lat' dir='ltr'>Itaque</span> <span class='ocrx_word' id='word_1_167' title='bbox 400 2543 512 2618; x_wconf 89' lang='lat' dir='ltr'>aliquot</span> <span class='ocrx_word' id='word_1_168' title='bbox 538 2544 595 2618; x_wconf 87' lang='lat' dir='ltr'>ipsi</span> <span class='ocrx_word' id='word_1_169' title='bbox 623 2555 653 2603; x_wconf 92' lang='lat' dir='ltr'>et</span> <span class='ocrx_word' id='word_1_170' title='bbox 682 2544 803 2603; x_wconf 85' lang='lat' dir='ltr'>Phidiae</span> <span class='ocrx_word' id='word_1_171' title='bbox 832 2546 904 2603; x_wconf 87' lang='lat' dir='ltr'>locis</span> <span class='ocrx_word' id='word_1_172' title='bbox 932 2546 1120 2604; x_wconf 84' lang='lat' dir='ltr'>sanctissimis</span> 
     </span>
     <span class='ocr_line' id='line_1_23' title="bbox 114 2650 1121 2726; baseline 0.002 -18"><span class='ocrx_word' id='word_1_173' title='bbox 114 2655 275 2724; x_wconf 71' lang='lat' dir='ltr'>posuarunt</span> <span class='ocrx_word' id='word_1_174' title='bbox 286 2671 295 2722; x_wconf 66' lang='grc' dir='ltr'><strong><em>ς</em></strong></span> <span class='ocrx_word' id='word_1_175' title='bbox 325 2650 403 2708; x_wconf 90' lang='lat' dir='ltr'>hunc</span> <span class='ocrx_word' id='word_1_176' title='bbox 427 2650 506 2707; x_wconf 91' lang='lat' dir='ltr'>enim</span> <span class='ocrx_word' id='word_1_177' title='bbox 531 2651 562 2706; x_wconf 91' lang='lat' dir='ltr'>in</span> <span class='ocrx_word' id='word_1_178' title='bbox 586 2657 667 2708; x_wconf 86' lang='lat' dir='ltr'>omni</span> <span class='ocrx_word' id='word_1_179' title='bbox 688 2652 896 2725; x_wconf 77' lang='lat' dir='ltr'>pracaratiane</span> <span class='ocrx_word' id='word_1_180' title='bbox 918 2657 961 2709; x_wconf 86' lang='lat' dir='ltr'>rei</span> <span class='ocrx_word' id='word_1_181' title='bbox 983 2652 1121 2726; x_wconf 79' lang='lat' dir='ltr'>pablicae</span> 
     </span>
     <span class='ocr_line' id='line_1_24' title="bbox 114 2756 1119 2832; baseline 0.002 -19"><span class='ocrx_word' id='word_1_182' title='bbox 114 2761 245 2815; x_wconf 81' lang='lat' dir='ltr'>aetatem</span> <span class='ocrx_word' id='word_1_183' title='bbox 273 2761 485 2830; x_wconf 82' lang='lat' dir='ltr'>auctaremque</span> <span class='ocrx_word' id='word_1_184' title='bbox 514 2756 663 2815; x_wconf 73' lang='lat' dir='ltr'>habebant</span> <span class='ocrx_word' id='word_1_185' title='bbox 690 2758 885 2832; x_wconf 91' lang='lat' dir='ltr'>potissimum.</span> <span class='ocrx_word' id='word_1_186' title='bbox 943 2758 1036 2832; x_wconf 85' lang='lat' dir='ltr'>Igitur</span> <span class='ocrx_word' id='word_1_187' title='bbox 1063 2765 1119 2832; x_wconf 84' lang='lat' dir='ltr'>pri-</span> 
     </span>
     <span class='ocr_line' id='line_1_25' title="bbox 116 2861 1121 2936; baseline 0.001 -17"><span class='ocrx_word' id='word_1_188' title='bbox 116 2880 195 2920; x_wconf 91' lang='lat' dir='ltr'>mum</span> <span class='ocrx_word' id='word_1_189' title='bbox 216 2861 288 2920; x_wconf 91' lang='lat' dir='ltr'>illud</span> <span class='ocrx_word' id='word_1_190' title='bbox 311 2867 416 2920; x_wconf 83' lang='lat' dir='ltr'>manus</span> <span class='ocrx_word' id='word_1_191' title='bbox 439 2861 590 2932; x_wconf 80' lang='lat' dir='ltr'>fartanae,</span> <span class='ocrx_word' id='word_1_192' title='bbox 611 2863 693 2936; x_wconf 93' lang='lat' dir='ltr'>quod</span> <span class='ocrx_word' id='word_1_193' title='bbox 715 2863 746 2919; x_wconf 90' lang='lat' dir='ltr'>in</span> <span class='ocrx_word' id='word_1_194' title='bbox 767 2869 802 2921; x_wconf 91' lang='lat' dir='ltr'>ea</span> <span class='ocrx_word' id='word_1_195' title='bbox 822 2865 895 2922; x_wconf 89' lang='lat' dir='ltr'>urbe</span> <span class='ocrx_word' id='word_1_196' title='bbox 915 2869 1000 2921; x_wconf 87' lang='lat' dir='ltr'>natus</span> <span class='ocrx_word' id='word_1_197' title='bbox 1022 2872 1075 2933; x_wconf 88' lang='lat' dir='ltr'>est,</span> <span class='ocrx_word' id='word_1_198' title='bbox 1091 2865 1121 2921; x_wconf 89' lang='lat' dir='ltr'>in</span> 
     </span>
     <span class='ocr_line' id='line_1_26' title="bbox 115 2961 1169 3044; baseline 0.004 -20"><span class='ocrx_word' id='word_1_199' title='bbox 115 2973 171 3041; x_wconf 89' lang='lat' dir='ltr'>qua</span> <span class='ocrx_word' id='word_1_200' title='bbox 198 2961 384 3026; x_wconf 88' lang='lat' dir='ltr'>domicilium</span> <span class='ocrx_word' id='word_1_201' title='bbox 413 2967 491 3025; x_wconf 90' lang='lat' dir='ltr'>orbis</span> <span class='ocrx_word' id='word_1_202' title='bbox 520 2973 660 3025; x_wconf 89' lang='lat' dir='ltr'>terrarum</span> <span class='ocrx_word' id='word_1_203' title='bbox 685 2978 764 3027; x_wconf 89' lang='lat' dir='ltr'>esset</span> <span class='ocrx_word' id='word_1_204' title='bbox 788 2969 912 3044; x_wconf 84' lang='lat' dir='ltr'>imperil,</span> <span class='ocrx_word' id='word_1_205' title='bbox 934 2979 967 3027; x_wconf 93' lang='lat' dir='ltr'>ut</span> <span class='ocrx_word' id='word_1_206' title='bbox 992 2969 1120 3027; x_wconf 90' lang='lat' dir='ltr'>eandem</span> <span class='ocrx_word' id='word_1_207' title='bbox 1143 2998 1169 3044; x_wconf 83' lang='lat'>25</span> 
     </span>
     <span class='ocr_line' id='line_1_27' title="bbox 117 3073 1119 3149; baseline 0.001 -19"><span class='ocrx_word' id='word_1_208' title='bbox 117 3083 144 3130; x_wconf 87' lang='lat' dir='ltr'>et</span> <span class='ocrx_word' id='word_1_209' title='bbox 164 3073 289 3148; x_wconf 89' lang='lat' dir='ltr'>patriam</span> <span class='ocrx_word' id='word_1_210' title='bbox 313 3073 436 3132; x_wconf 73' lang='lat' dir='ltr'>habaret</span> <span class='ocrx_word' id='word_1_211' title='bbox 458 3083 488 3131; x_wconf 88' lang='lat' dir='ltr'>et</span> <span class='ocrx_word' id='word_1_212' title='bbox 509 3073 631 3131; x_wconf 91' lang='lat' dir='ltr'>domum</span> <span class='ocrx_word' id='word_1_213' title='bbox 643 3094 651 3145; x_wconf 93' lang='lat'>;</span> <span class='ocrx_word' id='word_1_214' title='bbox 681 3073 739 3132; x_wconf 82' lang='lat' dir='ltr'>hac</span> <span class='ocrx_word' id='word_1_215' title='bbox 760 3075 912 3149; x_wconf 91' lang='lat' dir='ltr'>specimen</span> <span class='ocrx_word' id='word_1_216' title='bbox 934 3074 1119 3148; x_wconf 74' lang='lat' dir='ltr'>prudentiae,</span> 
     </span>
     <span class='ocr_line' id='line_1_28' title="bbox 117 3178 1119 3254; baseline 0.002 -19"><span class='ocrx_word' id='word_1_217' title='bbox 117 3178 204 3251; x_wconf 91' lang='lat' dir='ltr'>quod,</span> <span class='ocrx_word' id='word_1_218' title='bbox 226 3197 296 3236; x_wconf 90' lang='lat' dir='ltr'>cum</span> <span class='ocrx_word' id='word_1_219' title='bbox 320 3179 350 3236; x_wconf 88' lang='lat' dir='ltr'>in</span> <span class='ocrx_word' id='word_1_220' title='bbox 375 3196 441 3236; x_wconf 89' lang='lat' dir='ltr'>eam</span> <span class='ocrx_word' id='word_1_221' title='bbox 466 3183 498 3236; x_wconf 69' lang='lat' dir='ltr'>sa</span> <span class='ocrx_word' id='word_1_222' title='bbox 523 3179 672 3236; x_wconf 86' lang='lat' dir='ltr'>civitatem</span> <span class='ocrx_word' id='word_1_223' title='bbox 694 3180 874 3250; x_wconf 88' lang='lat' dir='ltr'>contulisset,</span> <span class='ocrx_word' id='word_1_224' title='bbox 896 3198 972 3254; x_wconf 89' lang='lat' dir='ltr'>quae</span> <span class='ocrx_word' id='word_1_225' title='bbox 994 3184 1119 3254; x_wconf 88' lang='lat' dir='ltr'>antiqui-</span> 
     </span>
     <span class='ocr_line' id='line_1_29' title="bbox 118 3285 1121 3359; baseline 0.004 -20"><span class='ocrx_word' id='word_1_226' title='bbox 118 3289 184 3356; x_wconf 90' lang='lat' dir='ltr'>tate,</span> <span class='ocrx_word' id='word_1_227' title='bbox 207 3285 390 3343; x_wconf 71' lang='lat' dir='ltr'>humanitate</span> <span class='ocrx_word' id='word_1_228' title='bbox 419 3285 613 3359; x_wconf 75' lang='lat' dir='ltr'>doctrinaque</span> <span class='ocrx_word' id='word_1_229' title='bbox 645 3291 807 3359; x_wconf 89' lang='lat' dir='ltr'>praestaret</span> <span class='ocrx_word' id='word_1_230' title='bbox 841 3290 955 3357; x_wconf 76' lang='lat' dir='ltr'>omnas,</span> <span class='ocrx_word' id='word_1_231' title='bbox 984 3290 1058 3344; x_wconf 82' lang='lat' dir='ltr'>anus</span> <span class='ocrx_word' id='word_1_232' title='bbox 1094 3293 1121 3343; x_wconf 84' lang='lat' dir='ltr'>ei</span> 
     </span>
     <span class='ocr_line' id='line_1_30' title="bbox 120 3388 363 3448; baseline 0.012 -3"><span class='ocrx_word' id='word_1_233' title='bbox 120 3388 168 3447; x_wconf 83' lang='lat' dir='ltr'>fuit</span> <span class='ocrx_word' id='word_1_234' title='bbox 188 3391 363 3448; x_wconf 89' lang='lat' dir='ltr'>carissimus.</span> 
     </span>
     <span class='ocr_line' id='line_1_31' title="bbox 157 3492 1170 3572; baseline 0.003 -19"><span class='ocrx_word' id='word_1_235' title='bbox 157 3497 206 3554; x_wconf 88' lang='lat' dir='ltr'>IV.</span> <span class='ocrx_word' id='word_1_236' title='bbox 236 3499 308 3555; x_wconf 81' lang='lat' dir='ltr'>Hac</span> <span class='ocrx_word' id='word_1_237' title='bbox 334 3514 371 3554; x_wconf 91' lang='lat' dir='ltr'>ex</span> <span class='ocrx_word' id='word_1_238' title='bbox 394 3496 463 3554; x_wconf 88' lang='lat' dir='ltr'>Asia</span> <span class='ocrx_word' id='word_1_239' title='bbox 490 3496 568 3555; x_wconf 88' lang='lat' dir='ltr'>Sulla</span> <span class='ocrx_word' id='word_1_240' title='bbox 595 3496 747 3554; x_wconf 77' lang='lat' dir='ltr'>dacadans</span> <span class='ocrx_word' id='word_1_241' title='bbox 774 3492 844 3553; x_wconf 88' lang='lat' dir='ltr'>cum</span> <span class='ocrx_word' id='word_1_242' title='bbox 871 3498 1008 3566; x_wconf 77' lang='lat' dir='ltr'>vanisset,</span> <span class='ocrx_word' id='word_1_243' title='bbox 1030 3514 1119 3570; x_wconf 92' lang='lat' dir='ltr'>quam</span> <span class='ocrx_word' id='word_1_244' title='bbox 1143 3527 1170 3572; x_wconf 83' lang='lat'>30</span> 
     </span>
     <span class='ocr_line' id='line_1_32' title="bbox 121 3598 1120 3677; baseline 0.002 -21"><span class='ocrx_word' id='word_1_245' title='bbox 121 3598 166 3658; x_wconf 83' lang='lat' dir='ltr'>din</span> <span class='ocrx_word' id='word_1_246' title='bbox 186 3602 226 3659; x_wconf 92' lang='lat' dir='ltr'>ibi</span> <span class='ocrx_word' id='word_1_247' title='bbox 248 3602 311 3669; x_wconf 83' lang='lat' dir='ltr'>fuit,</span> <span class='ocrx_word' id='word_1_248' title='bbox 327 3605 428 3659; x_wconf 70' lang='lat' dir='ltr'>sacum</span> <span class='ocrx_word' id='word_1_249' title='bbox 450 3602 551 3661; x_wconf 90' lang='lat' dir='ltr'>h&#39;abuit</span> <span class='ocrx_word' id='word_1_250' title='bbox 574 3603 780 3677; x_wconf 82' lang='lat' dir='ltr'>Pompanium,</span> <span class='ocrx_word' id='word_1_251' title='bbox 796 3613 901 3676; x_wconf 90' lang='lat' dir='ltr'>captus</span> <span class='ocrx_word' id='word_1_252' title='bbox 923 3602 1120 3660; x_wconf 80' lang='lat' dir='ltr'>adulescentis</span> 
     </span>
     <span class='ocr_line' id='line_1_33' title="bbox 123 3707 1119 3781; baseline 0.003 -21"><span class='ocrx_word' id='word_1_253' title='bbox 123 3716 149 3761; x_wconf 91' lang='lat' dir='ltr'>et</span> <span class='ocrx_word' id='word_1_254' title='bbox 170 3707 353 3766; x_wconf 81' lang='lat' dir='ltr'>hamanitate</span> <span class='ocrx_word' id='word_1_255' title='bbox 378 3718 408 3766; x_wconf 88' lang='lat' dir='ltr'>et</span> <span class='ocrx_word' id='word_1_256' title='bbox 432 3708 575 3766; x_wconf 88' lang='lat' dir='ltr'>doctrina.</span> <span class='ocrx_word' id='word_1_257' title='bbox 618 3710 664 3767; x_wconf 88' lang='lat' dir='ltr'>Sic</span> <span class='ocrx_word' id='word_1_258' title='bbox 690 3709 769 3766; x_wconf 91' lang='lat' dir='ltr'>enim</span> <span class='ocrx_word' id='word_1_259' title='bbox 795 3709 911 3766; x_wconf 77' lang='lat' dir='ltr'>Graeca</span> <span class='ocrx_word' id='word_1_260' title='bbox 936 3707 1119 3781; x_wconf 73' lang='lat' dir='ltr'>loquabatur,</span> 
     </span>
    </p>
   </div>
   <div class='ocr_carea' id='block_1_3' title="bbox 0 0 1298 4146">
    <p class='ocr_par' dir='ltr' id='par_1_3' title="bbox 0 0 1298 4146">
     <span class='ocr_line' id='line_1_34' title="bbox 0 0 1298 4146; baseline 0 0"><span class='ocrx_word' id='word_1_261' title='bbox 0 0 1298 4146; x_wconf 95' lang='lat' dir='ltr'> </span> 
     </span>
    </p>
   </div>
  </div>
 </body>
</html>
