2574 4146
296 648 606 746 CORNELII
652 649 927 748 NEPOTIS

73 877 252 949 LIBER
283 862 357 948 Di]
385 874 857 949 EXCELLENTIBUS
886 874 1132 948 DUCIBUS

320 1075 631 1152 EXTERARUM
664 1088 899 1152 GENTIUM.

533 1292 684 1300 —

487 1440 729 1513 prinnini).

119 1643 191 1700 Nr'm
214 1640 320 1700 dubitd
340 1641 402 1698 sore
422 1640 588 1715 plerisque,
608 1640 715 1712 Attice,
734 1647 785 1714 qui
807 1639 865 1698 hue
883 1657 976 1715 genus
995 1646 1086 1715 scrip·

77 1754 160 1807 turae
196 1748 261 1805 leve
301 1755 331 1804 et
368 1751 429 1804 ndu
468 1747 537 1804 satis
576 1746 698 1822 dignum
737 1751 919 1804 summdrum
957 1746 1086 1805 virinum

78 1859 212 1929 persenis
249 1851 390 1925 iudicent,
425 1870 494 1909 curn
530 1852 653 1910 relatum
695 1853 794 1927 legent
835 1851 901 1926 quis
944 1852 1087 1910 musicam

79 1959 215 2017 docuerit
243 1958 491 2033 Epamindndam,
515 1968 565 2015 aut
588 1957 618 2014 in
641 1958 703 2015 e'ius
726 1957 877 2017 virtutibus
904 1976 1087 2016 commemo-

78 2072 141 2137 riri,
171 2065 291 2123 saltaisse
323 2083 391 2121 eum
419 2063 578 2122 commode
610 2064 794 2137 scienterque
830 2064 907 2122 tibiis
944 2070 1121 2122 mutasses

80 2170 137 2230 Sed
157 2172 188 2228 hi
208 2180 293 2229 erunt
316 2169 388 2242 ferei,
403 2176 453 2244 qui
475 2173 609 2245 expertes
631 2170 791 2226 litterarum
815 2171 994 2228 Graecarum
1017 2170 1089 2228 nihil

79 2282 203 2349 rectum,
228 2276 284 2334 nisi
308 2274 390 2350 quod
419 2275 552 2349 ipsdrum
580 2275 711 2333 muribus
739 2276 904 2346 conveniat,
933 2276 1087 2350 putabunt.

80 2385 105 2440 Ii
132 2389 155 2440 si
182 2380 341 2441 didicerint
369 2386 430 2438 ntin
460 2379 568 2438 eadem
595 2380 733 2439 omnibus
758 2399 822 2438 esse
849 2381 974 2439 honesta
999 2392 1088 2456 atque

79 2489 182 2564 turpia,
212 2487 265 2547 sed
296 2488 397 2545 omnia
429 2487 573 2544 ma'tidrum
607 2487 744 2545 institutis
782 2485 913 2557 iudicairi,
942 2493 1002 2545 ndu
1036 2487 1088 2547 ad-

79 2596 260 2654 mirdbuntur
283 2600 338 2652 ntis
362 2594 392 2650 in
420 2593 577 2652 Griicirum
600 2592 755 2651 virtutibus
785 2593 968 2667 expdnendis
993 2599 1090 2652 mdres
1113 2615 1140 2646 ιο

80 2708 180 2761 edrum
208 2706 335 2760 secutds.
378 2700 485 2774 Neque
514 2699 592 2756 enim
627 2699 746 2758 Cimt‘ini
770 2699 823 2756 fuit
851 2709 945 2774 turpe,
971 2701 1090 2758 Atheni·

79 2809 191 2866 ensium
240 2812 357 2865 summi>
401 2808 474 2880 vird,
515 2812 646 2865 sordrem
692 2812 863 2882 germinam
908 2805 1016 2865 habere
1059 2807 1089 2864 in

80 2914 274 2985 mirtrimdnir'),
310 2914 421 2990 quippe
460 2934 529 2973 cum
569 2920 648 2974 civeis
687 2914 749 2972 eius
792 2913 900 2971 eddem
937 2918 1090 2971 uterentur

79 3021 208 3077 instituti)
219 3041 227 3091 ;
261 3029 292 3076 at
319 3018 351 3076 id
378 3020 500 3094 quidem
536 3028 642 3079 nostris
673 3021 803 3078 mbribus
838 3020 924 3077 neseis
954 3019 1087 3078 habetur.

81 3125 165 3182 Nulla
194 3125 415 3183 Lacedaemoni
441 3127 530 3186 vidua
557 3137 619 3185 tam
651 3137 695 3185 est
719 3125 835 3195 nubilis,
864 3143 939 3199 quae
964 3131 1025 3182 utin
1050 3125 1088 3182 ad
1113 3147 1138 3195 ις

79 3234 179 3288 cinam
196 3244 244 3290 eat
259 3234 398 3292 mercide
414 3234 572 3292 conducta.
615 3235 734 3309 Magnis
748 3235 777 3291 in
792 3235 927 3293 laudibus
938 3241 1002 3293 triti
1028 3233 1089 3288 fere

81 3335 128 3393 fuit
153 3338 281 3396 Graecia
307 3343 450 3396 victricem
476 3337 633 3413 Olympiae
659 3337 758 3408 citiri3
792 3338 822 3394 in
853 3354 991 3393 scaenam
1019 3319 1089 3395 veri)

81 3441 193 3515 prndire
234 3463 270 3501 ac
307 3444 419 3520 populi>
455 3461 519 3502 esse
554 3443 724 3518 spectaculi)
760 3443 871 3500 nemini
907 3442 938 3498 in
976 3440 1089 3499 eisdem

82 3552 213 3624 gentibus
242 3552 296 3610 fuit
325 3548 508 3625 turpitudini.
551 3549 637 3623 Quae
666 3549 765 3606 omnia
793 3547 872 3623 apud
898 3552 953 3606 ηδε
982 3548 1088 3622 partim

81 3658 210 3731 iniimia,
241 3657 348 3734 partim
376 3655 497 3714 humilia
525 3664 613 3730 atque
642 3655 680 3713 ab
708 3654 861 3714 honestaite
891 3659 1006 3712 remita
1035 3659 1087 3732 pf>
1112 3672 1141 3706 κο

602 3789 613 3828 1
