2574 4146
120 271 213 334 1v.‚v.]
609 269 699 318 DION
1134 276 1177 339 47

124 442 314 519 Syracusanis.
364 427 390 499 Ᾱ
416 448 476 516 quai
501 431 651 499 voluntate
681 443 792 500 Philisti
819 443 942 501 consilio
969 442 1126 502 deterritus

123 549 268 623 aliquanto
291 546 439 605 crudelior
461 565 525 605 esse
547 547 656 622 coepit.

157 656 209 712 IV.
240 654 302 728 Qui
337 653 459 728 quidem
494 671 562 711 curn
598 659 616 711 a
651 653 749 711 Dione
783 659 815 710 se
850 661 978 728 superiri
1011 655 1126 714 videret

120 761 245 836 ingenio,
278 760 463 831 auctoritite,
496 765 596 817 amore
632 760 742 834 populi,
776 764 880 818 verens
914 766 962 833 ni,
997 769 1021 818 si
1056 781 1124 820 eum

117 872 217 925 seeum
241 866 373 936 habiret,
394 866 522 939 aliquam
545 866 733 923 occisionem
756 872 800 923 sui
821 867 905 924 daret
926 868 1125 942 opprimendi,
1150 892 1160 939 5

116 979 221 1031 navem
254 979 282 1029 ei
317 972 468 1029 trirEmem
500 971 593 1043 dedit,
623 977 681 1045 quai
714 972 890 1030 Corinthum
921 972 1124 1046 deveheretur,

115 1079 279 1136 ostendens
305 1082 336 1135 se
361 1077 392 1135 id
414 1084 563 1152 utriusque
591 1077 687 1134 facere
713 1084 810 1149 causi,
832 1083 879 1149 ne,
902 1097 970 1136 cum
992 1080 1069 1136 inter
1093 1086 1125 1139 si

115 1186 265 1256 timerent,
282 1185 422 1241 alteruter
442 1184 564 1241 alterum
588 1190 829 1259 praeoccupiret.
873 1183 909 1242 Id
927 1203 995 1242 cum
1013 1186 1124 1243 sactum

115 1291 199 1348 multi
238 1289 460 1364 indignarentur
497 1295 681 1364 magnaeque
716 1300 793 1348 esset
827 1291 954 1348 invidiae
990 1298 1122 1367 tyranno,

114 1397 278 1472 Dionysius
303 1395 413 1467 omnia,
438 1413 514 1470 quae
541 1401 651 1453 moveri
675 1406 812 1471 poterant
837 1397 951 1468 DioniS,
976 1398 1004 1455 in
1034 1404 1124 1456 navis
1149 1426 1174 1456 10

113 1502 258 1578 imposuit
284 1500 323 1558 ad
348 1519 475 1576 eumque
501 1502 588 1560 misit.
630 1503 678 1560 ᾖε
703 1503 782 1559 enirn
810 1504 968 1560 existimari
995 1504 1121 1576 volebat,

114 1609 146 1666 id
171 1613 204 1666 se
230 1613 292 1666 non
321 1606 393 1665 odio
421 1607 558 1678 hominis,
581 1607 634 1665 sed
663 1626 732 1665 suae
761 1608 860 1665 salutis
889 1609 997 1666 secisse
1026 1616 1120 1667 causi.

116 1716 225 1773 Postei
252 1719 324 1772 vero
352 1732 441 1789 quam
471 1714 581 1772 audivit
610 1732 678 1772 eum
708 1714 739 1771 in
768 1714 974 1788 Peloponneso
1003 1734 1121 1772 manum

114 1826 293 1895 comparare
322 1821 436 1894 sibique
465 1820 575 1878 bellum
604 1819 701 1877 faeere
730 1824 838 1890 coniri,
868 1822 986 1892 Areten,
1017 1822 1122 1878 Dionis

113 1932 250 1997 uxorem,
279 1926 329 1983 alii
363 1931 488 2000 nuptum
523 1924 608 1984 dedit
644 1925 798 2000 liliumque
834 1926 896 1983 eius
931 1933 972 1982 sic
1003 1926 1122 1984 educari
1147 1952 1171 1998 15

114 2033 207 2104 iussit,
230 2042 263 2089 ut
290 2030 474 2106 indulgendo
501 2031 673 2106 turpissimis
698 2031 878 2089 imbueretur
902 2032 1121 2106 cupiditatibus.

114 2139 197 2195 Nam
216 2155 291 2213 puer
315 2143 383 2195 vino
401 2139 553 2213 epulisque
574 2138 761 2208 obruebatur,
777 2155 873 2212 neque
893 2138 984 2194 illurn
1006 2149 1122 2213 tempus

114 2244 215 2302 sobrio
245 2243 473 2317 relinquebitur.
515 2245 545 2302 ls
573 2261 665 2318 usque
691 2248 729 2301 eo
754 2250 830 2300 vitae
856 2253 964 2301 statum
989 2250 1121 2302 commu-

114 2355 210 2407 tatum
237 2348 312 2406 serre
338 2354 398 2406 non
422 2349 528 2424 potuit,
550 2359 708 2424 postquam
733 2349 763 2406 in
784 2349 909 2423 patriam
931 2349 1018 2407 rediit
1040 2362 1123 2425 pater

114 2473 297 2529 -namque
325 2455 453 2529 appositi
479 2465 563 2513 erant
587 2455 740 2526 custodes,
769 2462 819 2528 qui
852 2474 919 2512 eum
952 2462 969 2512 a
1001 2457 1122 2530 pristino
1145 2483 1174 2514 ιο

114 2537 195 2618 victu
232 2559 511 2619 dedicerent—ut
547 2566 578 2618 se
617 2560 656 2618 de
695 2561 845 2634 superiore
882 2571 964 2635 parte
1003 2563 1122 2620 aedium

115 2665 261 2724 deiecerit
282 2675 372 2740 atque
393 2666 433 2723 ita
454 2665 606 2724 interierit.
648 2666 706 2725 Sed
729 2667 797 2723 illuc
819 2677 956 2724 revertor.

156 2773 193 2829 V.
223 2772 385 2846 Postquam
411 2770 588 2830 Corinthum
612 2772 746 2847 pervenit
772 2772 853 2829 Dion
875 2781 905 2829 et
926 2772 1035 2830 eddem
1056 2790 1121 2848 per·

116 2877 195 2952 sugit
220 2876 398 2935 Heraclides
423 2878 462 2936 ab
487 2878 596 2935 eodem
620 2878 755 2952 expulsus
781 2877 936 2953 Dionysio,
961 2885 1011 2952 qui
1038 2897 1121 2954 prae·

117 2983 211 3040 sectus
245 2982 339 3040 fuerat
370 2982 513 3057 equitum,
542 2989 623 3040 omni
658 2984 770 3041 ratione
807 2984 916 3042 bellum
951 2991 1122 3059 comparare
1145 3013 1171 3060 ²5

117 3093 290 3163 coeperunt.
333 3089 392 3147 Sed
413 3094 473 3147 non
496 3089 619 3146 multum
641 3090 846 3163 proficiebant,
861 3089 942 3165 quod
966 3091 1122 3148 multorum

118 3199 263 3252 annorum
288 3195 417 3268 tyrannis
445 3199 616 3269 mignairum
642 3213 733 3269 opum
762 3196 935 3269 putibitur;
964 3214 1054 3270 quam
1082 3197 1124 3255 ob

119 3317 239 3358 causam
260 3305 348 3374 pauci
370 3299 408 3356 ad
430 3299 603 3357 societatem
625 3300 747 3374 periculi
768 3300 1013 3374 perdicibantur.

158 3404 218 3464 Sed
246 3405 336 3475 Dion,
362 3405 451 3462 fretus
479 3409 540 3462 non
567 3414 628 3461 tam
656 3411 714 3462 suis
742 3406 835 3480 copiis
863 3424 952 3480 quam
979 3407 1050 3465 odio
1079 3418 1121 3481 ty-

120 3517 211 3583 ranni,
246 3509 376 3568 minimo
415 3510 514 3568 animo
553 3509 666 3568 duribus
705 3511 843 3568 onerariis
881 3513 1002 3570 nivibus
1038 3520 1121 3587 quin·
1145 3544 1173 3588 30

121 3617 259 3694 quinginta
286 3620 430 3674 annorum
459 3616 626 3693 imperium,
655 3622 801 3674 munitum
830 3625 995 3693 quingentis
1029 3619 1122 3694 longis

123 3723 250 3796 nivibus,
268 3721 376 3782 decem
398 3723 532 3799 equitum
554 3732 734 3797 centumque
754 3721 888 3797 peditum
910 3724 1035 3795 milibus,
1055 3743 1121 3800 pro·
