2574 4146
113 257 166 320 1v.]
560 254 747 304 TIMOLEON
1118 258 1172 304 101

115 429 297 500 conciliivit,
325 439 358 486 ut
386 429 433 486 hic
461 427 599 486 conditor
627 427 744 487 urbium
773 433 884 499 eorum,
912 432 973 485 non
1006 427 1046 483 illi
1076 431 1127 500 qui

116 535 203 593 initio
226 535 420 606 deduxerant,
442 534 599 593 videretur.
642 536 749 592 Arcem
771 534 1040 608 syrtens1s‚quam
1063 536 1125 590 mir-

116 641 213 699 nierat
244 640 404 715 Dionysius
434 639 472 698 ad
503 641 608 700 urbem
639 638 846 711 obsidendam,
876 645 893 697 5
927 639 1126 697 fundimentis

117 746 245 818 disiecit,
286 751 385 804 cetera
422 745 583 823 tyrannidis
621 746 842 822 propugnicnla
883 744 1041 804 dEmdlitus
1082 756 1126 803 est

116 852 263 928 deditque
292 870 425 928 operam,
448 862 481 911 ut
509 871 598 928 quam
626 853 749 910 minime
777 852 869 910 multa
892 852 1014 927 vestigia
1039 853 1125 909 servi-
1151 872 1161 917 5

117 959 187 1017 tutis
213 963 378 1017 manerent.
420 959 497 1017 Cum
519 964 606 1017 tantis
629 968 706 1016 esset
728 959 843 1033 opibus,
864 968 897 1016 ut
918 959 1007 1016 etiam
1029 958 1125 1015 invitis

116 1065 265 1141 imperite
291 1073 401 1139 posset,
424 1074 537 1122 tantum
562 1074 662 1121 autem
686 1069 820 1122 amorem
845 1064 968 1122 haboret
992 1064 1124 1122 omnium

116 1171 295 1241 Siculorum,
323 1180 355 1227 ut
393 1169 473 1227 millo
508 1175 662 1228 recusante
699 1174 822 1245 rognum
853 1171 985 1228 obtinere
1013 1169 1124 1240 liceret,

117 1277 220 1334 miluit
241 1281 275 1334 se
297 1274 379 1350 diligi
399 1294 489 1350 quam
510 1283 611 1333 metui.
655 1277 769 1351 Itaque,
785 1294 854 1333 cum
871 1283 998 1351 primum
1018 1277 1124 1350 potuit,

115 1383 276 1457 imperium
306 1381 444 1456 deposuit
472 1400 507 1439 ac
536 1388 662 1457 privetus
690 1384 848 1458 Syracusis,
874 1382 956 1456 quod
980 1382 1124 1457 reliquum
1149 1407 1175 1436 ιο

115 1495 192 1546 vitae
228 1488 294 1560 fuit,
322 1489 402 1546 vixit.
459 1489 565 1563 Neque
594 1493 665 1547 vero
693 1487 723 1546 id
754 1489 890 1563 imperite
925 1489 1020 1560 fecit;
1054 1507 1124 1545 nam

114 1594 198 1669 quod
233 1598 329 1652 ceteri
363 1598 446 1669 reges
481 1595 607 1669 imperio
641 1599 810 1669 potuerunt,
836 1595 883 1652 hic
918 1594 1125 1652 benevolentifi

115 1701 217 1760 tenuit.
264 1700 370 1758 Nullus
399 1700 493 1759 honos
520 1701 588 1758 huic
617 1700 720 1772 defuit,
742 1718 840 1775 neque
868 1705 973 1775 posted
996 1705 1041 1758 res
1066 1700 1124 1757 ulla

115 1807 265 1881 Syrecfisis
294 1816 377 1881 gesta
405 1816 450 1864 est
478 1806 606 1880 publice,
636 1806 674 1864 de
701 1812 760 1880 quir
791 1807 870 1882 prius
902 1806 938 1863 sit
969 1806 1122 1863 de'crEtum

115 1932 205 1986 quam
241 1912 439 1970 Timoleontis
474 1914 620 1969 sententio
650 1913 777 1987 cognitu.
835 1912 950 1969 Nullius
980 1930 1123 1986 umquam
1147 1931 1172 1976 15

115 2018 274 2076 consilium
299 2022 360 2075 non
386 2016 477 2076 modo
501 2019 671 2089 antelatum,
693 2017 746 2075 sed
771 2022 809 2076 ne
834 2023 1037 2092 comparatum
1059 2018 1121 2092 qui·

115 2125 184 2182 dem
214 2133 271 2182 est.
315 2124 423 2197 Neque
450 2123 482 2181 id
508 2124 599 2199 magis
624 2125 685 2181 Eius
713 2123 919 2182 benevolentia}
942 2123 1052 2181 factum
1078 2135 1123 2181 est

113 2248 204 2304 quam
226 2227 395 2304 prudenti'a'.

154 2337 208 2393 IV.
240 2337 302 2393 Hic
334 2353 403 2391 cnm
434 2339 531 2392 aetite
562 2336 621 2392 iam
655 2339 812 2409 provectus
848 2344 934 2405 esset,
964 2334 1027 2391 sine
1063 2334 1122 2391 ullo

112 2442 221 2499 morbo
250 2440 362 2498 lumina
389 2439 543 2497 oculorum
571 2441 677 2498 imisit.
730 2441 827 2513 Quam
857 2440 1054 2496 calamitdtem
1082 2441 1123 2496 ita
1145 2463 1173 2494 20

113 2545 272 2605 moderfite
301 2545 375 2616 tulit,
404 2554 436 2603 ut
464 2563 560 2620 neque
588 2564 655 2603 eum
683 2555 857 2620 querentem
885 2547 1040 2619 quisquam
1072 2563 1120 2602 au-

113 2652 202 2710 dierit
230 2670 329 2726 neque
358 2656 395 2709 eo
423 2651 518 2708 minus
550 2657 666 2725 privitis
700 2652 883 2725 publicisque
915 2652 1001 2708 rebus
1033 2652 1121 2708 inter-

112 2757 210 2816 fuerit.
253 2757 400 2815 Veniebat
428 2767 528 2814 autem
556 2757 586 2813 in
614 2757 768 2827 thefitrum,
798 2775 866 2813 cum
894 2756 935 2814 ibi
963 2757 1122 2814 concilium

112 2864 218 2938 populi
253 2863 420 2941 haberetur,
456 2872 576 2937 propter
611 2862 809 2920 valetudinem
847 2866 949 2919 vectus
984 2862 1121 2920 iumentis

113 2969 231 3039 iunctis,
260 2978 349 3042 atque
378 2968 420 3024 ita
453 2968 491 3025 de
521 2968 656 3025 vehiculo
684 2985 760 3041 quae
789 2967 964 3025 videbantur
992 2967 1120 3025 dicebat.
1144 2993 1170 3039 ²5
1251 3039 1254 3044 Ι

113 3075 223 3148 Neque
244 3074 303 3131 hoc
325 3073 366 3130 illi
389 3073 544 3147 quisquam
570 3073 716 3130 tribuEbat
741 3074 895 3147 superbiae
907 3093 915 3144 ;
945 3073 1016 3129 nihil
1042 3074 1121 3130 eninr

112 3196 256 3253 umquam
291 3196 390 3253 neque
423 3179 552 3236 inso16ns
586 3196 684 3252 neque
716 3178 875 3252 gloriosum
908 3196 944 3235 ex
976 3183 1027 3236 ore
1059 3179 1121 3236 <iius

113 3285 194 3343 exiit.
238 3285 299 3358 Qui
327 3283 458 3358 quidem,
483 3302 551 3340 cum
581 3289 645 3341 suis
673 3284 775 3342 laudes
804 3285 918 3342 audiret
947 3283 1119 3359 praedicuri,

112 3409 277 3465 numquam
299 3389 380 3448 aliud
401 3389 474 3447 dixit
494 3408 583 3463 quam
605 3394 637 3446 se
658 3390 688 3446 in
710 3395 745 3447 ez}
766 3394 796 3446 re
818 3390 946 3447 mixime
967 3389 1011 3447 dis
1033 3408 1119 3464 agere

113 3497 221 3571 gritins
249 3505 339 3570 atque
369 3495 486 3567 habete,
514 3495 606 3569 quod,
635 3513 704 3552 cum
732 3495 860 3554 Siciliam
888 3502 1020 3553 recreare
1049 3501 1119 3553 con·
1142 3524 1171 3568 30

113 3602 286 3672 stituissent,
315 3611 379 3658 tum
417 3605 449 3657 se
487 3601 673 3675 potissimum
708 3600 816 3658 ducem
852 3619 916 3658 esse
952 3602 1119 3658 voluissent,

114 3708 196 3764 Nihil
221 3708 302 3764 enirn
326 3711 424 3763 rerum
448 3707 639 3764 homiminum
667 3707 730 3764 sine
758 3706 881 3765 deorum
910 3707 1029 3763 mimine
1058 3712 1120 3780 geri
