2574 4146
76 263 119 328 1v.]
500 262 705 312 mrrsrnons·
1106 265 1121 332 5

77 434 287 523 dimitterent*
307 435 385 492 Nam
414 440 438 492 si
465 440 596 492 cumeis
625 434 727 509 cepis,
753 440 825 509 ques
853 439 954 493 secum
982 441 1073 494 trens-

76 547 209 616 porterat,
248 541 394 598 interisset
433 541 556 612 Dereus,
593 545 654 598 nen
688 541 782 598 selum
826 542 977 616 Eurepam
1012 541 1075 599 iore

76 652 172 719 tertam,
188 645 244 706 sed
268 646 357 703 etiam
382 651 433 704 ees
458 652 509 721 qui
531 646 632 704 Asiam
653 646 818 704 incolerent
840 647 947 705 Graeci
966 665 1075 722 genere

76 752 177 811 liberes
206 758 224 810 e
252 753 405 809 Perserum
434 751 545 810 futures
571 751 774 810 dominetiene
801 761 831 810 et
856 753 995 826 pericule.
1039 752 1076 810 Id

77 858 154 916 lacile
180 857 259 915 effici
287 874 393 931 posse:
423 863 516 931 pente
544 858 624 915 enim
653 858 777 915 rescisse
805 863 904 932 regern
933 859 979 916 vel
1008 859 1074 916 hos·
1097 881 1108 928 5

76 965 143 1021 tium
169 963 247 1021 serre
272 964 319 1021 vel
345 963 445 1037 inopie
464 969 565 1038 paucis
587 963 692 1021 diebus
713 964 905 1021 interiturum.
949 964 996 1021 Ad
1019 965 1075 1022 hec

77 1071 226 1128 censilium
250 1087 320 1126 cum
345 1069 478 1144 plerique
502 1069 689 1140 accederent,
714 1069 866 1127 Histiaeus
886 1069 1017 1127 Milesius
1038 1075 1076 1127 ne

77 1180 116 1233 res
154 1175 351 1233 cenficeretur
389 1174 512 1247 obstitit,
552 1174 654 1232 dicens
692 1179 753 1232 nen
791 1174 872 1233 idem
911 1175 990 1249 ipsis,
1027 1182 1078 1250 qui

77 1287 199 1338 summes
228 1280 344 1355 imperii
371 1285 516 1352 tenerent,
544 1279 685 1354 expedire
717 1291 746 1338 et
779 1279 967 1351 multitudini,
995 1280 1077 1354 quod

78 1387 161 1444 Derei
185 1391 278 1461 regne
302 1387 434 1461 ipserum
463 1368 614 1443 niteretur*
632 1384 815 1458 dominarier,
847 1391 907 1460 que
932 1386 1078 1444 exstincte
1102 1417 1128 1447 10

77 1491 150 1566 ipses
189 1497 337 1566 potestete
377 1491 514 1566 expulses
551 1491 664 1549 civibus
703 1497 761 1549 suis
799 1497 911 1566 poenes
948 1491 1077 1550 datrire's.

78 1598 176 1673 Itaque
205 1598 284 1655 adee
312 1601 344 1654 se
372 1597 530 1656 abhorrere
555 1603 573 1655 e
596 1602 763 1655 cetererum
788 1597 921 1669 censilie,
946 1607 978 1655 ut
1005 1598 1077 1656 nihil

78 1713 155 1778 putet
176 1704 246 1778 ipsis
268 1703 366 1760 utilius
386 1720 476 1777 quam
498 1703 671 1760 cenfrrmeri
692 1707 815 1778 regnum
831 1705 993 1761 Persemm.

112 1811 210 1867 Hriius
238 1827 307 1866 cum
335 1809 511 1866 sententiam
536 1809 654 1883 plirrimi
681 1818 780 1867 essent
804 1814 905 1880 secreti,
928 1809 1079 1868 Miltiades

77 1920 132 1973 nen
156 1915 296 1974 dubiteris
320 1924 382 1972 tam
407 1915 504 1972 multis
529 1915 655 1972 censciis
680 1914 719 1972 ad
744 1915 820 1990 regis
845 1919 929 1973 aures
957 1916 1080 1973 censilia
1103 1942 1127 1989 15

78 2038 124 2079 sua
151 2025 338 2096 perventrira,
366 1988 730 2095 Chersonesum-reliquit
759 2038 793 2077 ac
824 2026 920 2079 rirrsus
948 2022 1078 2079 Athenes
1126 2021 1130 2032 ‘

78 2126 257 2202 demigravit.
313 2126 403 2185 Criius
438 2126 513 2184 ratie
544 2133 599 2184 etsi
626 2132 688 2192 nen
714 2126 814 2198 valuit,
842 2136 943 2184 tamen
971 2132 1079 2202 megne

78 2251 163 2307 opere
189 2242 235 2290 est
259 2231 417 2304 laudanda,
439 2250 507 2289 cum
532 2232 654 2317 amicior
678 2232 811 2290 omnium
836 2233 963 2291 libertati
989 2251 1078 2308 quarn

78 2324 146 2396 suae‘
163 2338 252 2395 suerit
273 2337 477 2396 dominetieni.
565 2320 571 2327 “

113 2446 164 2502 IV.
195 2445 310 2501 Dereus
334 2452 443 2515 autem,
465 2462 534 2501 cum
560 2461 597 2501 ex
622 2445 742 2518 Eurepe
765 2444 797 2501 in
821 2444 921 2501 Asiam
946 2444 1078 2518 redisset,
1101 2474 1129 2505 20

78 2549 258 2608 hortantibus
283 2554 384 2607 amicis
408 2541 445 2606 ut'
466 2549 623 2607 Graeciam
649 2548 796 2623 redigeret
820 2549 851 2607 in
876 2568 958 2607 suam
980 2561 1078 2626 potes·

77 2661 175 2728 telem,
204 2655 329 2713 classem
364 2660 588 2730 quingentemm
624 2655 741 2712 nervium
777 2656 959 2730 comparevit
993 2663 1078 2730 eique

78 2761 175 2819 Detim
201 2759 350 2836 praefecit
374 2770 404 2818 et
428 2751 643 2834 Artaphernem
659 2767 760 2835 eisque
785 2761 914 2819 ducenta
935 2762 1078 2836 peditum,

78 2866 180 2925 decem
203 2867 337 2942 equitum
359 2866 439 2923 milia
459 2865 553 2938 dedit,
568 2884 687 2924 eausam
709 2867 885 2952 Qerens
901 2873 938 2953 se
962 2868 1079 2926 hostem

78 2990 139 3031 esse
163 2971 402 3044 Atheniensibus,
424 2970 506 3047 quod
531 2977 633 3030 eerum
659 2972 766 3030 auxilie
792 2975 879 3031 lenes
904 2973 1001 3032 Sardis
1030 2993 1079 3031 ex·
1102 3004 1129 3051 25

78 3084 257 3154 pugnessent
280 3096 392 3152 suaque
417 3077 564 3152 praesidia
592 3078 820 3136 interfecissent.
863 3078 911 3136 Illi
939 3079 1081 3154 praefecti

79 3185 146 3260 regii
168 3185 263 3242 classe
285 3183 324 3241 ad
347 3185 502 3242 Euboeam
515 3185 646 3259 <appulsa
667 3184 802 3241 celeriter
824 3185 969 3243 Eretriam
990 3191 1080 3260 cepe-

38 3276 41 3286 ’
78 3300 142 3348 mnt
170 3293 334 3364 omnesque
363 3290 424 3347 eius
453 3290 548 3365 gentis
575 3295 654 3347 cives
682 3290 821 3364 abreptes
849 3291 880 3348 in
911 3292 1010 3348 Asiam
1042 3291 1080 3348 ad

78 3399 175 3472 regem
205 3400 356 3454 miserunt.
410 3394 485 3453 Inde
514 3395 553 3453 ad
579 3396 708 3453 Atticam
737 3401 925 3461 accessemnt
953 3416 988 3454 ac
1015 3405 1081 3456 sues

79 3503 177 3576 copias
206 3502 236 3559 in
265 3490 404 3575 campum
432 3501 610 3558 Marathena
638 3501 842 3574 deduxemnt3
877 3502 902 3559 is
931 3503 1014 3561 abest
1044 3504 1082 3562 ab
1105 3535 1132 3580 30

80 3607 192 3682 oppide
213 3607 331 3665 circiter
351 3606 430 3664 milia
450 3624 590 3681 passuum
613 3607 729 3665 decem.

119 3714 191 3770 Hec
212 3713 338 3770 tumulti
360 3712 554 3770 Athenienses
571 3722 632 3770 tarn
651 3718 818 3788 propinque
836 3722 956 3787 tamque
975 3719 1082 3788 migne
