2574 4146
496 723 533 779 x.
570 709 685 781 uram

125 908 150 964 I.
180 907 271 977 Dian,
307 907 465 981 Hipparini
500 906 589 978 filius,
623 907 827 982 Syraciisanus,
856 906 947 965 nabili
981 925 1090 982 genere

81 1018 177 1084 natus,
202 1019 329 1087 utraque
357 1013 523 1087 implicatus
551 1011 706 1086 tyrannide
734 1012 955 1086 Dionysiamm.
998 1013 1089 1070 Nam·

80 1137 142 1192 que
163 1118 211 1176 ille
233 1118 370 1192 superior
389 1119 624 1190 Aristomachan,
647 1123 777 1176 sorarem
801 1118 914 1190 Dianis,
937 1118 1038 1177 habuit
1061 1119 1090 1174 in

80 1224 282 1296 matrimania,
306 1242 342 1282 ex
367 1231 425 1299 qua
449 1224 524 1282 duas
549 1224 638 1296 silias,
660 1225 860 1299 Hipparinum
886 1234 916 1281 et
939 1225 1089 1296 Nisaeum,

80 1330 250 1405 praereavit
273 1329 459 1404 totidemque
485 1330 572 1402 filias,
594 1331 714 1388 mimine
737 1330 945 1405 Saphrosynan
967 1340 996 1386 et
1019 1332 1089 1387 Are·
1124 1355 1135 1403 5

82 1441 157 1506 tans
173 1442 298 1511 quarum
327 1436 455 1510 priarem
484 1436 629 1510 Dionysia
658 1436 732 1507 tilia,
761 1435 860 1493 eidem
889 1442 936 1492 cui
967 1440 1090 1510 ragnum

80 1543 208 1616 reliquit,
230 1547 356 1616 nriptum
379 1541 472 1611 dedit,
494 1542 626 1613 alteram,
648 1544 767 1612 Areten,
791 1542 890 1599 Diani.

124 1648 206 1706 Dian
223 1657 323 1705 autem
340 1658 458 1722 praeter
476 1653 650 1722 generasam
672 1648 924 1722 propinquitatem
943 1647 1088 1705 nabilem-

80 1773 140 1828 que
170 1754 314 1812 maiarum
344 1753 459 1829 fam-am
488 1754 579 1811 multa
603 1753 660 1810 alia
684 1753 722 1811 ab
746 1758 850 1811 natira
875 1752 975 1810 habuit
1000 1752 1087 1824 bona,

80 1860 111 1917 in
139 1867 183 1917 eis
206 1843 362 1934 'ingenium
391 1858 498 1930 docile,
527 1864 623 1930 came,
651 1868 753 1933 aptum
781 1858 820 1916 ad
848 1863 925 1915 artas
953 1859 1088 1932 optimas,
1113 1887 1139 1916 10

80 1972 221 2040 magnam
250 1960 383 2039 corporis
411 1963 594 2039 dignitatem,
623 1982 699 2039 quae
728 1970 788 2022 nan
820 1964 974 2021 minimum
1006 1983 1087 2021 com-

80 2071 214 2143 mendat,
237 2076 356 2145 magnas
384 2075 539 2145 praeterea
566 2068 681 2127 divitias
709 2075 727 2127 a
754 2079 837 2144 patre
866 2069 990 2140 relictaS,
1016 2076 1088 2143 quas

79 2178 145 2252 ipse
173 2183 290 2252 tyranni
317 2176 486 2234 maneribus
514 2185 642 2233 auxerat.
696 2177 766 2233 Erat
795 2175 914 2232 intimus
944 2175 1088 2250 Dionysia

78 2283 181 2357 priari,
209 2300 307 2356 neque
341 2283 438 2340 minus
473 2291 596 2357 propter
632 2286 729 2339 maras
764 2300 853 2356 quam
888 2280 1087 2340 adfinitatem.

80 2389 222 2463 Namque
258 2394 313 2445 etsi
347 2388 483 2462 Dionysii
516 2387 673 2445 cradalitas
707 2393 734 2444 ei
771 2385 957 2462 displicabat,
989 2397 1088 2445 tamen
1112 2411 1137 2458 15

79 2495 193 2552 salvum
216 2504 338 2569 propter
358 2492 617 2564 necessitudinem,
633 2493 725 2568 magis
747 2493 836 2550 etiam
860 2497 978 2550 suarum
1000 2499 1088 2550 causa

79 2601 228 2660 studabat.
271 2598 382 2658 Aderat
410 2599 440 2657 in
465 2600 578 2674 magnis
600 2600 696 2671 rabus,
718 2598 839 2673 aiusque
864 2598 988 2655 cansilia
1013 2599 1086 2655 mul-

80 2717 144 2765 tum
165 2706 340 2764 movabatur
361 2716 508 2781 tyrannuS,
523 2705 578 2763 nisi
600 2711 658 2779 qua
680 2705 710 2763 in
731 2710 762 2763 ra
784 2704 878 2761 maior
894 2704 984 2778 ipsius
1004 2705 1085 2780 cupi—

80 2813 157 2871 ditas
184 2813 400 2870 intercesserat.
443 2811 618 2886 Lagatianas
646 2816 716 2869 vara
745 2815 858 2882 omnies,
881 2829 957 2884 quae
986 2821 1086 2868 essent

80 2919 269 2988 inlastriaras,
295 2935 349 2992 per
377 2918 507 2975 Dianem
535 2917 832 2988 administrabantur,
861 2922 933 2990 quas
961 2916 1084 2991 quidem
1108 2944 1137 2975 20

81 3025 128 3082 ille
163 3024 321 3100 diiigenter
359 3023 508 3095 obeunda,
543 3023 670 3081 fidaiiter
708 3021 942 3080 administranda
980 3022 1084 3080 crada-

81 3130 221 3188 lissimum
251 3135 363 3187 namen
391 3135 506 3202 tyranni
530 3135 581 3186 sua
606 3128 786 3186 humanitate
812 3127 949 3185 laniabat.
994 3129 1085 3185 Hune

83 3241 99 3292 a
130 3235 276 3310 Dionysia
308 3241 429 3292 missum
459 3234 716 3309 Carthaginienses
748 3240 790 3291 sic
823 3237 1025 3307 suspaxarunt,
1054 3246 1086 3292 ut

83 3342 230 3399 naminem
258 3359 400 3416 umquam
429 3341 544 3399 Graeca
571 3339 669 3414 lingua
696 3340 869 3414 loquentem
901 3339 993 3413 magis
1028 3341 1085 3398 sint

85 3445 224 3505 admirati.
1108 3473 1134 3521 ²5

122 3553 163 3611 II.
186 3554 294 3628 Neque
313 3558 384 3610 vara
403 3553 478 3610 haec
497 3551 672 3626 Dionysium
691 3551 842 3626 fugiabant
852 3572 861 3624 3
884 3569 952 3607 nam
973 3557 1085 3624 quanta

87 3668 158 3718 esset
181 3658 237 3718 sibi
260 3664 443 3735 &rnamenta
469 3657 624 3722 sentiebat.
667 3657 735 3730 Qua
761 3657 859 3716 tiabat
884 3666 916 3714 ut
941 3661 991 3713 imi
1016 3656 1085 3720 huic

588 3787 620 3842 45
