2574 4146
436 767 460 824 1.
490 753 725 826 Miurrnoes.

116 944 139 1001 Ι.
169 943 333 1016 Miltiades,
362 943 495 1001 Cimenis
523 943 612 1015 iuius,
637 943 833 1014 Atheniensis,
855 961 929 1039 cum
965 953 995 1000 et
1030 961 1080 1001 an·

76 1051 208 1124 tiquit’a'te
234 1050 351 1124 generis
375 1060 405 1106 et
429 1049 521 1124 gleria
546 1049 688 1107 meierum
715 1059 745 1106 et
766 1067 819 1105 sua
840 1020 1024 1106 modestia
1006 1067 1080 1107 unus

75 1155 208 1212 omnium
238 1139 527 1245 maxereret
524 1154 646 1228 leaque<
657 1164 735 1225 esset
758 1159 855 1213 aetate
880 1164 912 1212 ut
936 1173 997 1211 non
1022 1155 1080 1212 iam

76 1261 170 1318 selum
199 1259 239 1318 de
268 1266 305 1318 ee
333 1261 410 1319 bene
440 1272 589 1341 §RQ-n
597 1259 651 1317 sed
686 1261 775 1317 etiam
810 1260 970 1331 censidere
1002 1265 1080 1318 cives

52 1368 204 1443 *possenti
222 1373 266 1424 sui
291 1367 380 1423 telem
406 1384 474 1423 eum
499 1367 628 1441 {uturum
650 1367 766 1439 quelem
793 1365 1079 1440 cegnitqutidice
1101 1383 1113 1430 5

56 1471 338 1544 l‘runtsaccidit--ut
361 1472 556 1530 Athenienses
582 1471 800 1530 Chersonesum
826 1472 948 1529 colenes
972 1472 1081 1529 vellent

77 1579 201 1651 mittere
258 1579 350 1637 Cirius
378 1578 493 1653 generis
521 1596 589 1634 cum
618 1583 741 1652 megnus
769 1596 907 1635 numerus
939 1589 1017 1635 esset
1050 1587 1081 1635 et

77 1685 158 1742 multi
179 1685 243 1743 eius
265 1683 486 1757 demigretienis
507 1691 642 1758 peterent
664 1684 847 1754 societetem
863 1701 900 1740 ex
916 1691 958 1741 eis
973 1684 1081 1742 delecti

78 1791 211 1866 Delphes
246 1790 439 1848 deliberetum
473 1795 553 1847 missi
585 1798 661 1860 sunt,
692 1794 752 1863 que
785 1789 970 1863 potissimum
1003 1790 1080 1847 duce

76 1901 235 1954 uterentur.
286 1896 423 1969 Namque
446 1895 508 1952 tum
530 1895 679 1952 Thraeces
701 1900 749 1952 ees
770 1895 906 1970 regienes
929 1897 1080 1968 tenebant,
1104 1919 1131 1950 ιο

77 2020 144 2058 cum
172 2002 279 2076 quibus
308 2007 395 2058 armis
427 2010 489 2058 erat
518 1999 729 2057 dimicandum.
773 2002 829 2057 His
861 2001 1081 2059 censulentibus

77 2109 251 2166 neminetim
280 2106 384 2180 Pythia
414 2107 575 2181 praecepit,
603 2117 635 2163 ut
669 2105 836 2164 Miltiadem
872 2107 1081 2181 impereterem

78 2215 129 2271 sibi
158 2218 327 2284 sumerent:
362 2211 395 2269 id
423 2218 447 2269 si
476 2212 630 2283 fecissent,
659 2212 779 2286 incepta
807 2217 949 2286 prespera
977 2213 1080 2270 futrira.

79 2320 146 2376 Hoc
174 2319 285 2376 ereculi
306 2323 448 2392 respense
475 2317 626 2375 Miltiades
651 2337 719 2375 cum
741 2316 858 2376 delecte
879 2323 967 2375 manu
988 2319 1080 2375 classe

78 2424 295 2483 Chersonesum
323 2400 474 2498 profectus
502 2441 571 2480 cum
599 2424 771 2482 accessisset
799 2425 946 2482 Lemnum
974 2435 1004 2481 et
1039 2425 1081 2481 in·
1106 2445 1130 2492 ¹5

78 2531 155 2588 coles
181 2530 244 2588 eius
268 2529 379 2587 insulae
404 2529 459 2588 sub
483 2535 662 2604 potestetem
688 2529 820 2604 redigere
846 2531 934 2587 vellet
959 2529 1080 2587 Atheni-

78 2637 200 2707 ensium,
223 2635 314 2709 idque
336 2645 368 2692 ut
390 2635 506 2692 Lemnii
530 2641 583 2692 sue
607 2646 713 2710 sponte
739 2637 870 2692 facerent
895 2635 1080 2710 postulasset,

78 2741 117 2798 illi
140 2740 302 2798 inridentes
327 2740 543 2815 responderunt
568 2750 630 2797 tum
655 2740 686 2798 id
715 2745 746 2798 se
774 2741 910 2812 lacteres,
937 2761 1005 2798 cum
1034 2741 1082 2798 ille

79 2845 169 2904 dome
186 2846 309 2904 nivibus
327 2847 476 2921 profectus
497 2851 586 2903 vente
608 2846 745 2920 aquilene
766 2847 895 2904 venisset
916 2848 1061 2904 Hmnum
1072 2867 1081 2919 ;

79 2952 125 3008 hic
160 2951 240 3009 enim
275 2960 379 3009 ventus
413 2953 451 3009 ab
486 2951 745 3026 septemtrienibus
787 2952 884 3009 oriens
925 2952 1082 3010 adversum
1105 2973 1133 3004 20

79 3067 160 3115 tenet
180 3057 305 3115 Athenis
326 3057 586 3132 proficiscentibus.
631 3056 782 3114 Miltiades
807 3057 943 3115 morandi
965 3068 1083 3132 tempus

79 3168 138 3220 nen
173 3164 287 3221 habens
322 3181 438 3220 cursum
467 3161 580 3220 derexit
614 3168 674 3237 que
709 3162 862 3235 tendebat,
890 3164 1083 3238 pervenitque

81 3268 309 3326 Chersonesum.

120 3375 162 3431 II.
193 3374 241 3432 Ibi
265 3373 347 3432 brevi
370 3383 504 3447 tempore
530 3373 719 3432 barbarerum
745 3375 839 3448 cepiis
861 3374 999 3446 disiectis,
1022 3381 1085 3434 tete

81 3479 198 3554 regiene
224 3497 313 3553 quam
340 3478 465 3554 petierat
489 3485 608 3553 pontus,
630 3479 697 3536 loca
721 3479 846 3536 castellis
867 3479 977 3537 idenea
1001 3498 1083 3538 com·
1106 3508 1132 3556 ²5

82 3586 193 3658 meniit,
209 3585 428 3643 multitudinem
452 3603 541 3659 quam
567 3589 669 3643 secum
691 3585 814 3643 dexerat
834 3585 865 3642 in
887 3592 961 3660 agris
982 3586 1083 3644 conlo-

82 3692 158 3750 cevit
178 3692 348 3766 crebrisque
370 3690 589 3749 excursienibus
614 3690 812 3765 locupletevit.
856 3692 962 3766 Neque
987 3692 1084 3749 minus

601 3808 618 3861 3
