<?xml version="1.0" encoding="UTF-8"?>
<!DOCTYPE html PUBLIC "-//W3C//DTD XHTML 1.0 Transitional//EN"
    "http://www.w3.org/TR/xhtml1/DTD/xhtml1-transitional.dtd">
<html xmlns="http://www.w3.org/1999/xhtml" xml:lang="en" lang="en">
 <head>
  <title>
</title>
<meta http-equiv="Content-Type" content="text/html;charset=utf-8" />
  <meta name='ocr-system' content='tesseract 3.04.00' />
  <meta name='ocr-capabilities' content='ocr_page ocr_carea ocr_par ocr_line ocrx_word'/>
</head>
<body>
  <div class='ocr_page' id='page_1' title='image "./corneliinepotis02nepogoog_0080.png"; bbox 0 0 2574 4146; ppageno 0'>
   <div class='ocr_carea' id='block_1_1' title="bbox 118 249 1171 321">
    <p class='ocr_par' dir='ltr' id='par_1_1' title="bbox 118 249 1171 321">
     <span class='ocr_line' id='line_1_1' title="bbox 118 249 1171 321; baseline 0.007 -27"><span class='ocrx_word' id='word_1_1' title='bbox 118 249 171 312; x_wconf 78' lang='lat' dir='ltr'>m]</span> <span class='ocrx_word' id='word_1_2' title='bbox 541 251 752 301; x_wconf 68' lang='lat' dir='ltr'>remeamus</span> <span class='ocrx_word' id='word_1_3' title='bbox 1133 256 1171 321; x_wconf 85' lang='lat'>53</span> 
     </span>
    </p>
   </div>
   <div class='ocr_carea' id='block_1_2' title="bbox 112 422 1172 3446">
    <p class='ocr_par' dir='ltr' id='par_1_2' title="bbox 115 422 1156 1221">
     <span class='ocr_line' id='line_1_2' title="bbox 124 422 1121 500; baseline 0.005 -22"><span class='ocrx_word' id='word_1_4' title='bbox 124 427 219 480; x_wconf 91' lang='lat' dir='ltr'>eorum</span> <span class='ocrx_word' id='word_1_5' title='bbox 248 422 368 498; x_wconf 62' lang='lat' dir='ltr'>fugauit,</span> <span class='ocrx_word' id='word_1_6' title='bbox 397 428 457 498; x_wconf 93' lang='lat' dir='ltr'>quo</span> <span class='ocrx_word' id='word_1_7' title='bbox 486 423 564 480; x_wconf 85' lang='lat' dir='ltr'>facto</span> <span class='ocrx_word' id='word_1_8' title='bbox 593 430 729 499; x_wconf 78' lang='lat' dir='ltr'>mognam</span> <span class='ocrx_word' id='word_1_9' title='bbox 758 424 884 500; x_wconf 90' lang='lat' dir='ltr'>adeptus</span> <span class='ocrx_word' id='word_1_10' title='bbox 913 436 957 483; x_wconf 89' lang='lat' dir='ltr'>est</span> <span class='ocrx_word' id='word_1_11' title='bbox 988 426 1121 500; x_wconf 87' lang='lat' dir='ltr'>gloriam.</span> 
     </span>
     <span class='ocr_line' id='line_1_3' title="bbox 124 528 1121 604; baseline 0.005 -20"><span class='ocrx_word' id='word_1_12' title='bbox 124 528 194 585; x_wconf 85' lang='lat' dir='ltr'>Cum</span> <span class='ocrx_word' id='word_1_13' title='bbox 230 529 406 586; x_wconf 78' lang='lat' dir='ltr'>Artaxerxos</span> <span class='ocrx_word' id='word_1_14' title='bbox 445 529 592 604; x_wconf 87' lang='lat' dir='ltr'>Aegyptio</span> <span class='ocrx_word' id='word_1_15' title='bbox 631 534 692 603; x_wconf 80' lang='lat' dir='ltr'>rogi</span> <span class='ocrx_word' id='word_1_16' title='bbox 729 530 837 588; x_wconf 83' lang='lat' dir='ltr'>beilum</span> <span class='ocrx_word' id='word_1_17' title='bbox 875 531 981 588; x_wconf 88' lang='lat' dir='ltr'>inferre</span> <span class='ocrx_word' id='word_1_18' title='bbox 1020 532 1121 603; x_wconf 84' lang='lat' dir='ltr'>voluit,</span> 
     </span>
     <span class='ocr_line' id='line_1_4' title="bbox 123 618 1120 711; baseline 0.005 -22"><span class='ocrx_word' id='word_1_19' title='bbox 123 618 289 708; x_wconf 72' lang='lat' dir='ltr'>Iphicraten</span> <span class='ocrx_word' id='word_1_20' title='bbox 317 635 355 692; x_wconf 92' lang='lat' dir='ltr'>ab</span> <span class='ocrx_word' id='word_1_21' title='bbox 383 634 613 693; x_wconf 75' lang='lat' dir='ltr'>Athonionsibus</span> <span class='ocrx_word' id='word_1_22' title='bbox 642 635 750 692; x_wconf 91' lang='lat' dir='ltr'>ducem</span> <span class='ocrx_word' id='word_1_23' title='bbox 779 638 891 710; x_wconf 88' lang='lat' dir='ltr'>petivit,</span> <span class='ocrx_word' id='word_1_24' title='bbox 920 655 1008 711; x_wconf 90' lang='lat' dir='ltr'>quem</span> <span class='ocrx_word' id='word_1_25' title='bbox 1037 655 1120 711; x_wconf 89' lang='lat' dir='ltr'>prae-</span> 
     </span>
     <span class='ocr_line' id='line_1_5' title="bbox 120 740 1122 812; baseline 0.003 -15"><span class='ocrx_word' id='word_1_26' title='bbox 120 741 218 797; x_wconf 89' lang='lat' dir='ltr'>ficeret</span> <span class='ocrx_word' id='word_1_27' title='bbox 257 740 398 797; x_wconf 86' lang='lat' dir='ltr'>exercitui</span> <span class='ocrx_word' id='word_1_28' title='bbox 435 740 634 812; x_wconf 86' lang='lat' dir='ltr'>conducticio‚</span> <span class='ocrx_word' id='word_1_29' title='bbox 670 741 753 799; x_wconf 85' lang='lat' dir='ltr'>coius</span> <span class='ocrx_word' id='word_1_30' title='bbox 788 761 925 799; x_wconf 84' lang='lat' dir='ltr'>numerus</span> <span class='ocrx_word' id='word_1_31' title='bbox 960 743 1122 801; x_wconf 88' lang='lat' dir='ltr'>duodecim</span> 
     </span>
     <span class='ocr_line' id='line_1_6' title="bbox 120 845 1156 922; baseline 0.005 -20"><span class='ocrx_word' id='word_1_32' title='bbox 120 847 229 902; x_wconf 87' lang='lat' dir='ltr'>milium</span> <span class='ocrx_word' id='word_1_33' title='bbox 259 846 322 903; x_wconf 89' lang='lat' dir='ltr'>fuit.</span> <span class='ocrx_word' id='word_1_34' title='bbox 368 845 466 919; x_wconf 84' lang='lat' dir='ltr'>Quem</span> <span class='ocrx_word' id='word_1_35' title='bbox 494 845 615 920; x_wconf 89' lang='lat' dir='ltr'>quidem</span> <span class='ocrx_word' id='word_1_36' title='bbox 645 852 686 903; x_wconf 89' lang='lat' dir='ltr'>sic</span> <span class='ocrx_word' id='word_1_37' title='bbox 714 854 796 904; x_wconf 89' lang='lat' dir='ltr'>omni</span> <span class='ocrx_word' id='word_1_38' title='bbox 824 847 979 922; x_wconf 80' lang='lat' dir='ltr'>disciplino</span> <span class='ocrx_word' id='word_1_39' title='bbox 1008 849 1123 907; x_wconf 78' lang='lat' dir='ltr'>militori</span> <span class='ocrx_word' id='word_1_40' title='bbox 1146 873 1156 919; x_wconf 76' lang='grc' dir='ltr'>ς</span> 
     </span>
     <span class='ocr_line' id='line_1_7' title="bbox 117 951 1121 1026; baseline 0.003 -17"><span class='ocrx_word' id='word_1_41' title='bbox 117 951 251 1024; x_wconf 79' lang='lat' dir='ltr'>orudivit,</span> <span class='ocrx_word' id='word_1_42' title='bbox 280 962 313 1009; x_wconf 91' lang='lat' dir='ltr'>ut</span> <span class='ocrx_word' id='word_1_43' title='bbox 341 969 430 1026; x_wconf 93' lang='lat' dir='ltr'>quem</span> <span class='ocrx_word' id='word_1_44' title='bbox 458 951 497 1009; x_wconf 91' lang='lat' dir='ltr'>ad</span> <span class='ocrx_word' id='word_1_45' title='bbox 526 952 649 1010; x_wconf 91' lang='lat' dir='ltr'>modum</span> <span class='ocrx_word' id='word_1_46' title='bbox 678 952 828 1026; x_wconf 89' lang='lat' dir='ltr'>quondam</span> <span class='ocrx_word' id='word_1_47' title='bbox 863 955 983 1012; x_wconf 79' lang='lat' dir='ltr'>Fabioni</span> <span class='ocrx_word' id='word_1_48' title='bbox 1016 955 1121 1013; x_wconf 78' lang='lat' dir='ltr'>milites</span> 
     </span>
     <span class='ocr_line' id='line_1_8' title="bbox 116 1043 1121 1132; baseline 0.003 -17"><span class='ocrx_word' id='word_1_49' title='bbox 116 1060 242 1128; x_wconf 88' lang='lat' dir='ltr'>Romae,</span> <span class='ocrx_word' id='word_1_50' title='bbox 265 1064 307 1115; x_wconf 87' lang='lat' dir='ltr'>sic</span> <span class='ocrx_word' id='word_1_51' title='bbox 334 1043 553 1132; x_wconf 69' lang='lat' dir='ltr'>iphicratonsos</span> <span class='ocrx_word' id='word_1_52' title='bbox 578 1057 656 1132; x_wconf 89' lang='lat' dir='ltr'>apud</span> <span class='ocrx_word' id='word_1_53' title='bbox 683 1059 815 1117; x_wconf 86' lang='lat' dir='ltr'>Graecos</span> <span class='ocrx_word' id='word_1_54' title='bbox 840 1060 870 1116; x_wconf 91' lang='lat' dir='ltr'>in</span> <span class='ocrx_word' id='word_1_55' title='bbox 895 1066 1010 1118; x_wconf 78' lang='lat' dir='ltr'>summo</span> <span class='ocrx_word' id='word_1_56' title='bbox 1034 1060 1121 1118; x_wconf 90' lang='lat' dir='ltr'>laude</span> 
     </span>
     <span class='ocr_line' id='line_1_9' title="bbox 115 1165 232 1221; baseline 0.009 -1"><span class='ocrx_word' id='word_1_57' title='bbox 115 1165 232 1221; x_wconf 87' lang='lat' dir='ltr'>fuerint.</span> 
     </span>
    </p>

    <p class='ocr_par' dir='ltr' id='par_1_3' title="bbox 113 1255 1172 1662">
     <span class='ocr_line' id='line_1_10' title="bbox 154 1255 1120 1346; baseline 0.001 -19"><span class='ocrx_word' id='word_1_58' title='bbox 154 1255 244 1327; x_wconf 72' lang='lat' dir='ltr'>idem</span> <span class='ocrx_word' id='word_1_59' title='bbox 275 1269 407 1328; x_wconf 89' lang='lat' dir='ltr'>subsidio</span> <span class='ocrx_word' id='word_1_60' title='bbox 436 1270 679 1329; x_wconf 81' lang='lat' dir='ltr'>Lacedaemoniis</span> <span class='ocrx_word' id='word_1_61' title='bbox 711 1271 860 1346; x_wconf 87' lang='lat' dir='ltr'>profectus</span> <span class='ocrx_word' id='word_1_62' title='bbox 894 1272 1120 1346; x_wconf 86' lang='lat' dir='ltr'>Epaminondae</span> 
     </span>
     <span class='ocr_line' id='line_1_11' title="bbox 115 1375 1172 1453; baseline 0.004 -21"><span class='ocrx_word' id='word_1_63' title='bbox 115 1375 275 1434; x_wconf 77' lang='lat' dir='ltr'>retardovit</span> <span class='ocrx_word' id='word_1_64' title='bbox 310 1376 457 1451; x_wconf 84' lang='lat' dir='ltr'>impetos;</span> <span class='ocrx_word' id='word_1_65' title='bbox 493 1395 562 1433; x_wconf 91' lang='lat' dir='ltr'>nam</span> <span class='ocrx_word' id='word_1_66' title='bbox 597 1377 652 1434; x_wconf 90' lang='lat' dir='ltr'>nisi</span> <span class='ocrx_word' id='word_1_67' title='bbox 687 1377 749 1434; x_wconf 82' lang='lat' dir='ltr'>oius</span> <span class='ocrx_word' id='word_1_68' title='bbox 785 1377 927 1437; x_wconf 84' lang='lat' dir='ltr'>adventus</span> <span class='ocrx_word' id='word_1_69' title='bbox 962 1385 1121 1453; x_wconf 86' lang='lat' dir='ltr'>appropin-</span> <span class='ocrx_word' id='word_1_70' title='bbox 1146 1395 1172 1424; x_wconf 88' lang='lat'>10</span> 
     </span>
     <span class='ocr_line' id='line_1_12' title="bbox 113 1482 1121 1558; baseline 0.003 -19"><span class='ocrx_word' id='word_1_71' title='bbox 113 1488 242 1556; x_wconf 64' lang='lat' dir='ltr'>quisset,</span> <span class='ocrx_word' id='word_1_72' title='bbox 272 1487 333 1540; x_wconf 89' lang='lat' dir='ltr'>non</span> <span class='ocrx_word' id='word_1_73' title='bbox 364 1482 443 1556; x_wconf 90' lang='lat' dir='ltr'>prius</span> <span class='ocrx_word' id='word_1_74' title='bbox 477 1483 613 1540; x_wconf 80' lang='lat' dir='ltr'>Thoba&#39;mi</span> <span class='ocrx_word' id='word_1_75' title='bbox 647 1483 750 1556; x_wconf 78' lang='lat' dir='ltr'>Sparto</span> <span class='ocrx_word' id='word_1_76' title='bbox 784 1484 1002 1554; x_wconf 90' lang='lat' dir='ltr'>abscessissent,</span> <span class='ocrx_word' id='word_1_77' title='bbox 1031 1503 1121 1558; x_wconf 91' lang='lat' dir='ltr'>quam</span> 
     </span>
     <span class='ocr_line' id='line_1_13' title="bbox 113 1588 575 1662; baseline 0 -18"><span class='ocrx_word' id='word_1_78' title='bbox 113 1598 235 1662; x_wconf 87' lang='lat' dir='ltr'>captam</span> <span class='ocrx_word' id='word_1_79' title='bbox 257 1588 398 1646; x_wconf 91' lang='lat' dir='ltr'>incendio</span> <span class='ocrx_word' id='word_1_80' title='bbox 419 1589 575 1646; x_wconf 78' lang='lat' dir='ltr'>dolossent.</span> 
     </span>
    </p>

    <p class='ocr_par' dir='ltr' id='par_1_4' title="bbox 112 1693 1171 2827">
     <span class='ocr_line' id='line_1_14' title="bbox 156 1693 1119 1770; baseline 0.003 -20"><span class='ocrx_word' id='word_1_81' title='bbox 156 1695 213 1751; x_wconf 88' lang='lat'><em>111.</em></span> <span class='ocrx_word' id='word_1_82' title='bbox 246 1693 315 1750; x_wconf 89' lang='lat' dir='ltr'><strong>Fuit</strong></span> <span class='ocrx_word' id='word_1_83' title='bbox 337 1704 436 1750; x_wconf 87' lang='lat' dir='ltr'>autem</span> <span class='ocrx_word' id='word_1_84' title='bbox 459 1704 489 1751; x_wconf 89' lang='lat' dir='ltr'>et</span> <span class='ocrx_word' id='word_1_85' title='bbox 512 1694 612 1751; x_wconf 88' lang='lat' dir='ltr'>animo</span> <span class='ocrx_word' id='word_1_86' title='bbox 635 1700 742 1769; x_wconf 76' lang='lat' dir='ltr'>mogno</span> <span class='ocrx_word' id='word_1_87' title='bbox 764 1704 794 1752; x_wconf 89' lang='lat' dir='ltr'>et</span> <span class='ocrx_word' id='word_1_88' title='bbox 815 1713 939 1770; x_wconf 92' lang='lat' dir='ltr'>corpore</span> <span class='ocrx_word' id='word_1_89' title='bbox 961 1696 1119 1770; x_wconf 78' lang='lat' dir='ltr'>imperoto-</span> 
     </span>
     <span class='ocr_line' id='line_1_15' title="bbox 113 1799 1120 1874; baseline 0.002 -18"><span class='ocrx_word' id='word_1_90' title='bbox 113 1801 216 1873; x_wconf 78' lang='lat' dir='ltr'>rioque</span> <span class='ocrx_word' id='word_1_91' title='bbox 239 1800 348 1871; x_wconf 79' lang='lat' dir='ltr'>formo,</span> <span class='ocrx_word' id='word_1_92' title='bbox 364 1809 396 1856; x_wconf 90' lang='lat' dir='ltr'>ut</span> <span class='ocrx_word' id='word_1_93' title='bbox 417 1800 482 1874; x_wconf 87' lang='lat' dir='ltr'>ipso</span> <span class='ocrx_word' id='word_1_94' title='bbox 503 1805 625 1873; x_wconf 87' lang='lat' dir='ltr'>aspecto</span> <span class='ocrx_word' id='word_1_95' title='bbox 645 1806 734 1857; x_wconf 88' lang='lat' dir='ltr'>cuivis</span> <span class='ocrx_word' id='word_1_96' title='bbox 753 1801 877 1858; x_wconf 88' lang='lat' dir='ltr'><strong>iniceret</strong></span> <span class='ocrx_word' id='word_1_97' title='bbox 896 1799 1120 1859; x_wconf 79' lang='lat' dir='ltr'>admirotionem</span> 
     </span>
     <span class='ocr_line' id='line_1_16' title="bbox 112 1905 1169 1980; baseline 0.002 -18"><span class='ocrx_word' id='word_1_98' title='bbox 112 1912 167 1973; x_wconf 82' lang='lat' dir='ltr'>sui,</span> <span class='ocrx_word' id='word_1_99' title='bbox 196 1905 250 1963; x_wconf 91' lang='lat' dir='ltr'>sed</span> <span class='ocrx_word' id='word_1_100' title='bbox 280 1906 310 1962; x_wconf 93' lang='lat' dir='ltr'>in</span> <span class='ocrx_word' id='word_1_101' title='bbox 338 1905 439 1962; x_wconf 89' lang='lat' dir='ltr'>labore</span> <span class='ocrx_word' id='word_1_102' title='bbox 467 1906 553 1962; x_wconf 90' lang='lat' dir='ltr'>nimis</span> <span class='ocrx_word' id='word_1_103' title='bbox 582 1911 717 1963; x_wconf 88' lang='lat' dir='ltr'>remissus</span> <span class='ocrx_word' id='word_1_104' title='bbox 746 1924 908 1980; x_wconf 88' lang='lat' dir='ltr'>parumque</span> <span class='ocrx_word' id='word_1_105' title='bbox 936 1908 1060 1980; x_wconf 77' lang='lat' dir='ltr'>patioris,</span> <span class='ocrx_word' id='word_1_106' title='bbox 1089 1918 1120 1964; x_wconf 93' lang='lat' dir='ltr'>ut</span> <span class='ocrx_word' id='word_1_107' title='bbox 1145 1933 1169 1979; x_wconf 80' lang='lat'>15</span> 
     </span>
     <span class='ocr_line' id='line_1_17' title="bbox 112 2010 1120 2087; baseline 0.001 -19"><span class='ocrx_word' id='word_1_108' title='bbox 112 2011 330 2086; x_wconf 87' lang='lat' dir='ltr'>Theopompus</span> <span class='ocrx_word' id='word_1_109' title='bbox 353 2012 512 2069; x_wconf 88' lang='lat' dir='ltr'>memoriae</span> <span class='ocrx_word' id='word_1_110' title='bbox 535 2010 676 2085; x_wconf 81' lang='lat' dir='ltr'>prodidit,</span> <span class='ocrx_word' id='word_1_111' title='bbox 699 2012 794 2070; x_wconf 93' lang='lat' dir='ltr'>bonus</span> <span class='ocrx_word' id='word_1_112' title='bbox 815 2017 885 2070; x_wconf 79' lang='lat' dir='ltr'>voro</span> <span class='ocrx_word' id='word_1_113' title='bbox 906 2013 977 2070; x_wconf 86' lang='lat' dir='ltr'>civis</span> <span class='ocrx_word' id='word_1_114' title='bbox 1002 2013 1120 2087; x_wconf 80' lang='lat' dir='ltr'>fidoque</span> 
     </span>
     <span class='ocr_line' id='line_1_18' title="bbox 113 2116 1120 2191; baseline 0.002 -17"><span class='ocrx_word' id='word_1_115' title='bbox 113 2123 231 2191; x_wconf 73' lang='lat' dir='ltr'>magno.</span> <span class='ocrx_word' id='word_1_116' title='bbox 275 2116 365 2191; x_wconf 88' lang='lat' dir='ltr'>Quod</span> <span class='ocrx_word' id='word_1_117' title='bbox 387 2136 455 2174; x_wconf 92' lang='lat' dir='ltr'>cum</span> <span class='ocrx_word' id='word_1_118' title='bbox 476 2117 506 2175; x_wconf 91' lang='lat' dir='ltr'>in</span> <span class='ocrx_word' id='word_1_119' title='bbox 527 2118 590 2174; x_wconf 86' lang='lat' dir='ltr'>aliis</span> <span class='ocrx_word' id='word_1_120' title='bbox 612 2118 697 2175; x_wconf 80' lang='lat' dir='ltr'>robus</span> <span class='ocrx_word' id='word_1_121' title='bbox 718 2117 886 2188; x_wconf 79' lang='lat' dir='ltr'>dociorovit‚</span> <span class='ocrx_word' id='word_1_122' title='bbox 909 2128 970 2175; x_wconf 90' lang='lat' dir='ltr'>tum</span> <span class='ocrx_word' id='word_1_123' title='bbox 994 2120 1120 2176; x_wconf 81' lang='lat' dir='ltr'>moximo</span> 
     </span>
     <span class='ocr_line' id='line_1_19' title="bbox 113 2223 1118 2300; baseline 0.001 -20"><span class='ocrx_word' id='word_1_124' title='bbox 113 2223 144 2280; x_wconf 92' lang='lat' dir='ltr'>in</span> <span class='ocrx_word' id='word_1_125' title='bbox 173 2225 320 2299; x_wconf 87' lang='lat' dir='ltr'>Amyntae</span> <span class='ocrx_word' id='word_1_126' title='bbox 349 2223 525 2282; x_wconf 91' lang='lat' dir='ltr'>Macedonis</span> <span class='ocrx_word' id='word_1_127' title='bbox 553 2223 650 2281; x_wconf 88' lang='lat' dir='ltr'>liberis</span> <span class='ocrx_word' id='word_1_128' title='bbox 679 2224 802 2281; x_wconf 86' lang='lat' dir='ltr'>tuendis.</span> <span class='ocrx_word' id='word_1_129' title='bbox 861 2225 998 2298; x_wconf 89' lang='lat' dir='ltr'>Namque</span> <span class='ocrx_word' id='word_1_130' title='bbox 1029 2226 1118 2300; x_wconf 87' lang='lat' dir='ltr'>Eury-</span> 
     </span>
     <span class='ocr_line' id='line_1_20' title="bbox 113 2329 1120 2404; baseline 0.003 -18"><span class='ocrx_word' id='word_1_131' title='bbox 113 2330 193 2401; x_wconf 74' lang='lat' dir='ltr'>dice,</span> <span class='ocrx_word' id='word_1_132' title='bbox 216 2335 312 2387; x_wconf 78' lang='lat' dir='ltr'>motet</span> <span class='ocrx_word' id='word_1_133' title='bbox 334 2330 492 2388; x_wconf 87' lang='lat' dir='ltr'>Perdiccae</span> <span class='ocrx_word' id='word_1_134' title='bbox 515 2340 545 2387; x_wconf 89' lang='lat' dir='ltr'>et</span> <span class='ocrx_word' id='word_1_135' title='bbox 567 2329 702 2404; x_wconf 87' lang='lat' dir='ltr'>Philippi,</span> <span class='ocrx_word' id='word_1_136' title='bbox 724 2349 792 2386; x_wconf 94' lang='lat' dir='ltr'>cum</span> <span class='ocrx_word' id='word_1_137' title='bbox 813 2330 857 2387; x_wconf 88' lang='lat' dir='ltr'>his</span> <span class='ocrx_word' id='word_1_138' title='bbox 882 2330 998 2388; x_wconf 92' lang='lat' dir='ltr'>duobus</span> <span class='ocrx_word' id='word_1_139' title='bbox 1023 2338 1120 2404; x_wconf 88' lang='lat' dir='ltr'>pueris</span> 
     </span>
     <span class='ocr_line' id='line_1_21' title="bbox 113 2423 1171 2511; baseline 0.001 -18"><span class='ocrx_word' id='word_1_140' title='bbox 113 2439 245 2510; x_wconf 78' lang='lat' dir='ltr'>Amynto</span> <span class='ocrx_word' id='word_1_141' title='bbox 274 2442 391 2494; x_wconf 91' lang='lat' dir='ltr'>mortuo</span> <span class='ocrx_word' id='word_1_142' title='bbox 419 2436 458 2494; x_wconf 92' lang='lat' dir='ltr'>ad</span> <span class='ocrx_word' id='word_1_143' title='bbox 490 2423 660 2510; x_wconf 71' lang='lat' dir='ltr'>iphicraton</span> <span class='ocrx_word' id='word_1_144' title='bbox 692 2436 829 2510; x_wconf 77' lang='lat' dir='ltr'>confugit</span> <span class='ocrx_word' id='word_1_145' title='bbox 861 2436 982 2510; x_wconf 75' lang='lat' dir='ltr'>eiusque</span> <span class='ocrx_word' id='word_1_146' title='bbox 1015 2438 1121 2511; x_wconf 91' lang='lat' dir='ltr'>opibus</span> <span class='ocrx_word' id='word_1_147' title='bbox 1144 2464 1171 2494; x_wconf 90' lang='lat'>20</span> 
     </span>
     <span class='ocr_line' id='line_1_22' title="bbox 114 2542 1119 2616; baseline -0.001 -16"><span class='ocrx_word' id='word_1_148' title='bbox 114 2542 245 2600; x_wconf 79' lang='lat' dir='ltr'>defensa</span> <span class='ocrx_word' id='word_1_149' title='bbox 273 2553 326 2599; x_wconf 89' lang='lat' dir='ltr'>est.</span> <span class='ocrx_word' id='word_1_150' title='bbox 368 2542 447 2599; x_wconf 87' lang='lat' dir='ltr'>Vixit</span> <span class='ocrx_word' id='word_1_151' title='bbox 472 2542 510 2598; x_wconf 85' lang='lat' dir='ltr'>ad</span> <span class='ocrx_word' id='word_1_152' title='bbox 535 2546 718 2599; x_wconf 87' lang='lat' dir='ltr'>senectotem</span> <span class='ocrx_word' id='word_1_153' title='bbox 744 2542 865 2616; x_wconf 77' lang='lat' dir='ltr'>plocotis</span> <span class='ocrx_word' id='word_1_154' title='bbox 891 2542 920 2599; x_wconf 88' lang='lat' dir='ltr'>in</span> <span class='ocrx_word' id='word_1_155' title='bbox 945 2547 976 2599; x_wconf 81' lang='lat' dir='ltr'>so</span> <span class='ocrx_word' id='word_1_156' title='bbox 1002 2548 1119 2600; x_wconf 89' lang='lat' dir='ltr'>suorum</span> 
     </span>
     <span class='ocr_line' id='line_1_23' title="bbox 114 2646 1119 2721; baseline 0 -16"><span class='ocrx_word' id='word_1_157' title='bbox 114 2648 223 2705; x_wconf 86' lang='lat' dir='ltr'>civium</span> <span class='ocrx_word' id='word_1_158' title='bbox 246 2647 359 2704; x_wconf 76' lang='lat' dir='ltr'>animis,</span> <span class='ocrx_word' id='word_1_159' title='bbox 402 2648 530 2705; x_wconf 86' lang='lat' dir='ltr'>Causam</span> <span class='ocrx_word' id='word_1_160' title='bbox 555 2647 660 2721; x_wconf 86' lang='lat' dir='ltr'>capitis</span> <span class='ocrx_word' id='word_1_161' title='bbox 685 2647 777 2704; x_wconf 88' lang='lat' dir='ltr'>semel</span> <span class='ocrx_word' id='word_1_162' title='bbox 803 2646 884 2717; x_wconf 88' lang='lat' dir='ltr'>dixit,</span> <span class='ocrx_word' id='word_1_163' title='bbox 908 2648 985 2705; x_wconf 88' lang='lat' dir='ltr'>bello</span> <span class='ocrx_word' id='word_1_164' title='bbox 1010 2649 1119 2719; x_wconf 80' lang='lat' dir='ltr'>socioh,</span> 
     </span>
     <span class='ocr_line' id='line_1_24' title="bbox 115 2752 978 2827; baseline -0.001 -16"><span class='ocrx_word' id='word_1_165' title='bbox 115 2753 201 2811; x_wconf 91' lang='lat' dir='ltr'>simul</span> <span class='ocrx_word' id='word_1_166' title='bbox 223 2771 293 2809; x_wconf 90' lang='lat' dir='ltr'>cum</span> <span class='ocrx_word' id='word_1_167' title='bbox 314 2754 483 2824; x_wconf 78' lang='lat' dir='ltr'>Timotheo,</span> <span class='ocrx_word' id='word_1_168' title='bbox 505 2758 601 2827; x_wconf 91' lang='lat' dir='ltr'>eoque</span> <span class='ocrx_word' id='word_1_169' title='bbox 622 2752 732 2811; x_wconf 88' lang='lat' dir='ltr'>iodicio</span> <span class='ocrx_word' id='word_1_170' title='bbox 754 2762 798 2810; x_wconf 89' lang='lat' dir='ltr'>est</span> <span class='ocrx_word' id='word_1_171' title='bbox 819 2753 978 2810; x_wconf 75' lang='lat' dir='ltr'>absolotuS.</span> 
     </span>
    </p>

    <p class='ocr_par' dir='ltr' id='par_1_5' title="bbox 116 2859 1169 3446">
     <span class='ocr_line' id='line_1_25' title="bbox 156 2859 1121 2933; baseline 0.002 -17"><span class='ocrx_word' id='word_1_172' title='bbox 156 2860 335 2917; x_wconf 88' lang='lat' dir='ltr'>Menesthea</span> <span class='ocrx_word' id='word_1_173' title='bbox 368 2859 466 2916; x_wconf 85' lang='lat' dir='ltr'>silium</span> <span class='ocrx_word' id='word_1_174' title='bbox 501 2860 616 2933; x_wconf 85' lang='lat' dir='ltr'>reliquit</span> <span class='ocrx_word' id='word_1_175' title='bbox 651 2877 687 2916; x_wconf 86' lang='lat' dir='ltr'>ex</span> <span class='ocrx_word' id='word_1_176' title='bbox 723 2859 867 2915; x_wconf 76' lang='lat' dir='ltr'>Thraesso</span> <span class='ocrx_word' id='word_1_177' title='bbox 905 2865 1015 2931; x_wconf 79' lang='lat' dir='ltr'>notum,</span> <span class='ocrx_word' id='word_1_178' title='bbox 1051 2861 1121 2918; x_wconf 88' lang='lat' dir='ltr'>Coti</span> 
     </span>
     <span class='ocr_line' id='line_1_26' title="bbox 116 2965 1169 3040; baseline 0.004 -20"><span class='ocrx_word' id='word_1_179' title='bbox 116 2965 191 3040; x_wconf 79' lang='lat' dir='ltr'>rogis</span> <span class='ocrx_word' id='word_1_180' title='bbox 220 2965 291 3022; x_wconf 79' lang='lat' dir='ltr'>silio.</span> <span class='ocrx_word' id='word_1_181' title='bbox 337 2965 366 3022; x_wconf 92' lang='lat' dir='ltr'>Is</span> <span class='ocrx_word' id='word_1_182' title='bbox 394 2982 462 3021; x_wconf 90' lang='lat' dir='ltr'>cum</span> <span class='ocrx_word' id='word_1_183' title='bbox 491 2965 725 3039; x_wconf 76' lang='lat' dir='ltr'>interrogorotur,</span> <span class='ocrx_word' id='word_1_184' title='bbox 751 2973 848 3020; x_wconf 92' lang='lat' dir='ltr'>utrum</span> <span class='ocrx_word' id='word_1_185' title='bbox 877 2965 975 3040; x_wconf 77' lang='lat' dir='ltr'>ploriS,</span> <span class='ocrx_word' id='word_1_186' title='bbox 1005 2975 1120 3038; x_wconf 92' lang='lat' dir='ltr'>patrem</span> <span class='ocrx_word' id='word_1_187' title='bbox 1144 2994 1169 3037; x_wconf 81' lang='lat'>²5</span> 
     </span>
     <span class='ocr_line' id='line_1_27' title="bbox 119 3070 1120 3143; baseline 0.001 -16"><span class='ocrx_word' id='word_1_188' title='bbox 119 3076 291 3141; x_wconf 83' lang='lat' dir='ltr'>matremne,</span> <span class='ocrx_word' id='word_1_189' title='bbox 317 3070 436 3140; x_wconf 81' lang='lat' dir='ltr'>faceret,</span> <span class='ocrx_word' id='word_1_190' title='bbox 463 3072 648 3140; x_wconf 80' lang='lat' dir='ltr'>“Motrem,”</span> <span class='ocrx_word' id='word_1_191' title='bbox 675 3070 778 3143; x_wconf 89' lang='lat' dir='ltr'>inquit.</span> <span class='ocrx_word' id='word_1_192' title='bbox 821 3070 858 3128; x_wconf 98' lang='lat' dir='ltr'>Id</span> <span class='ocrx_word' id='word_1_193' title='bbox 886 3089 953 3128; x_wconf 92' lang='lat' dir='ltr'>cum</span> <span class='ocrx_word' id='word_1_194' title='bbox 983 3072 1120 3129; x_wconf 90' lang='lat' dir='ltr'>omnibus</span> 
     </span>
     <span class='ocr_line' id='line_1_28' title="bbox 120 3175 1120 3250; baseline 0.002 -18"><span class='ocrx_word' id='word_1_195' title='bbox 120 3183 222 3233; x_wconf 82' lang='lat' dir='ltr'>mirum</span> <span class='ocrx_word' id='word_1_196' title='bbox 252 3177 408 3247; x_wconf 80' lang='lat' dir='ltr'>vidorotur,</span> <span class='ocrx_word' id='word_1_197' title='bbox 437 3186 467 3233; x_wconf 90' lang='lat' dir='ltr'>at</span> <span class='ocrx_word' id='word_1_198' title='bbox 495 3176 542 3233; x_wconf 90' lang='lat' dir='ltr'>ille</span> <span class='ocrx_word' id='word_1_199' title='bbox 571 3175 739 3247; x_wconf 74' lang='lat' dir='ltr'>“Merito”</span> <span class='ocrx_word' id='word_1_200' title='bbox 764 3176 867 3250; x_wconf 91' lang='lat' dir='ltr'>inquit,</span> <span class='ocrx_word' id='word_1_201' title='bbox 897 3176 1002 3233; x_wconf 89' lang='lat' dir='ltr'>“facio</span> <span class='ocrx_word' id='word_1_202' title='bbox 1013 3197 1021 3248; x_wconf 87' lang='lat'>;</span> <span class='ocrx_word' id='word_1_203' title='bbox 1051 3195 1120 3234; x_wconf 86' lang='lat' dir='ltr'>nam</span> 
     </span>
     <span class='ocr_line' id='line_1_29' title="bbox 121 3281 1122 3357; baseline 0.002 -19"><span class='ocrx_word' id='word_1_204' title='bbox 121 3292 210 3354; x_wconf 76' lang='lat' dir='ltr'>pater,</span> <span class='ocrx_word' id='word_1_205' title='bbox 228 3293 371 3357; x_wconf 88' lang='lat' dir='ltr'>quantum</span> <span class='ocrx_word' id='word_1_206' title='bbox 393 3282 422 3338; x_wconf 91' lang='lat' dir='ltr'>in</span> <span class='ocrx_word' id='word_1_207' title='bbox 445 3286 476 3339; x_wconf 80' lang='lat' dir='ltr'>so</span> <span class='ocrx_word' id='word_1_208' title='bbox 497 3281 559 3352; x_wconf 88' lang='lat' dir='ltr'>fuit,</span> <span class='ocrx_word' id='word_1_209' title='bbox 575 3282 742 3339; x_wconf 90' lang='lat' dir='ltr'>Thraecem</span> <span class='ocrx_word' id='word_1_210' title='bbox 764 3286 812 3338; x_wconf 78' lang='lat' dir='ltr'>mo</span> <span class='ocrx_word' id='word_1_211' title='bbox 833 3281 943 3356; x_wconf 87' lang='lat' dir='ltr'>genuit,</span> <span class='ocrx_word' id='word_1_212' title='bbox 963 3289 1066 3340; x_wconf 78' lang='lat' dir='ltr'>contro</span> <span class='ocrx_word' id='word_1_213' title='bbox 1087 3301 1122 3340; x_wconf 85' lang='lat' dir='ltr'>ea</span> 
     </span>
     <span class='ocr_line' id='line_1_30' title="bbox 122 3388 473 3446; baseline 0.003 -4"><span class='ocrx_word' id='word_1_214' title='bbox 122 3393 211 3444; x_wconf 78' lang='lat' dir='ltr'>moter</span> <span class='ocrx_word' id='word_1_215' title='bbox 233 3388 473 3446; x_wconf 80' lang='lat' dir='ltr'>Athonionsem.”</span> 
     </span>
    </p>
   </div>
   <div class='ocr_carea' id='block_1_3' title="bbox 0 0 1292 4146">
    <p class='ocr_par' dir='ltr' id='par_1_6' title="bbox 0 0 1292 4146">
     <span class='ocr_line' id='line_1_31' title="bbox 0 0 1292 4146; baseline 0 0"><span class='ocrx_word' id='word_1_216' title='bbox 0 0 1292 4146; x_wconf 95' lang='lat' dir='ltr'> </span> 
     </span>
    </p>
   </div>
  </div>
 </body>
</html>
