2574 4146
113 281 155 345 24
405 275 574 326 CORNELII
597 276 745 325 NEPOTIS
767 276 875 324 VITAE
1054 275 1165 339 [111.‚1v.

162 449 269 506 iterum
290 449 451 523 imperetor
472 448 551 522 apud
573 448 711 523 Mycalen
733 448 908 523 Cyprierum
930 457 960 504 et
982 446 1166 504 Phoenicum

163 554 356 612 ducentemm
375 555 491 611 navium
512 554 635 610 classem
657 552 805 611 devictam
826 554 907 627 cepit
926 553 1094 626 eedemque
1116 551 1166 609 die

162 666 226 735 pari
253 660 375 717 fertune
402 660 432 716 in
461 664 538 717 terre
564 663 632 716 usus
661 669 714 717 est.
763 660 900 733 Namque
928 659 1058 716 hostium
1086 660 1166 716 nevi-

162 767 218 825 bus
238 772 331 840 captis
352 766 449 823 statim
472 783 509 822 ex
529 765 622 822 classe
639 765 739 839 copies
757 771 821 822 sues
839 765 940 822 edfixit
959 765 1165 823 barbaremm-

126 897 136 943 5
162 889 220 946 que
238 871 397 928 meximam
418 871 476 928 vim
498 876 557 928 eno
580 875 724 928 concurse
746 871 909 944 prestrevit.
953 870 1021 943 Que
1041 870 1168 927 victerie

163 957 269 1052 megae
300 976 411 1052 praede
445 982 555 1051 potitus
590 995 657 1033 cum
694 975 817 1033 domum
852 981 1055 1047 reverteretur,
1084 975 1167 1050 quod

163 1083 222 1139 iam
240 1082 398 1140 nennellae
416 1083 528 1139 insulae
549 1091 670 1156 propter
691 1082 883 1139 acerbitetem
905 1081 1020 1155 imperii
1041 1081 1167 1139 defece-

163 1198 236 1259 rant,
267 1189 343 1246 bene
379 1189 521 1245 animetis
556 1187 754 1258 confirmavit,
789 1186 927 1244 alienetes
961 1186 1000 1244 ad
1035 1186 1169 1244 officium

164 1293 258 1352 redire
283 1294 391 1369 coegit.
434 1295 565 1368 Scyrum,
587 1310 676 1368 quam
702 1297 739 1351 ee
764 1303 899 1366 tempore
926 1292 1059 1366 Dolopes
1084 1293 1167 1350 inco-

116 1433 141 1462 10
162 1400 271 1472 lebant,
293 1399 374 1473 quod
396 1399 598 1458 contumecius
621 1403 653 1456 se
675 1409 835 1473 gesserant,
855 1398 1032 1470 vacuefecit,
1051 1416 1168 1472 posses·

163 1511 244 1565 seres
272 1511 383 1564 veteres
412 1506 483 1564 urbe
511 1506 663 1579 insuleque
691 1504 787 1575 eiecit,
809 1509 894 1578 agres
919 1504 1030 1562 civibus
1059 1505 1168 1563 divisit.

163 1612 287 1671 Thasies
319 1611 471 1686 opulentie
506 1612 595 1668 fretes
631 1615 684 1668 sue
719 1609 848 1667 adventu
885 1610 979 1685 fregit.
1039 1613 1095 1669 His
1132 1630 1170 1668 ex

165 1719 309 1777 manubiis
341 1737 392 1775 arx
423 1717 613 1788 Athenemm,
642 1721 701 1790 que
732 1715 770 1773 ad
803 1716 959 1774 meridiem
990 1718 1094 1792 vergit,
1124 1728 1169 1775 est

164 1829 276 1882 emeta.

115 1954 139 2000 15
205 1930 263 1987 III.
292 1929 406 2003 Quibus
438 1929 525 1987 rebus
553 1946 622 1984 cum
650 1933 724 1985 finus
752 1929 782 1984 in
810 1928 927 1985 civitate
956 1928 1083 1986 maixime
1115 1928 1169 1986 fle-

164 2039 249 2107 reret‚
271 2035 375 2093 incidit
396 2035 426 2091 in
447 2034 574 2092 eandem
596 2032 737 2091 invidiam
759 2051 846 2107 quam
869 2043 954 2108 pater
975 2051 1042 2090 suus
1064 2038 1170 2091 ceteri-

164 2157 223 2214 que
260 2139 483 2197 Atheniensium
525 2139 673 2213 principes
684 2159 693 2210 ;
735 2157 803 2196 nam
846 2145 986 2196 testemm
1028 2139 1170 2213 suffregiis

165 2245 271 2303 decem
293 2251 436 2303 annerum
460 2245 560 2303 exsilie
584 2245 722 2302 multetus
746 2255 799 2302 est.
841 2244 933 2303 Ceius
955 2245 1024 2302 sacti
1045 2244 1170 2302 celerius

165 2351 359 2409 Athenienses
384 2368 473 2425 quam
497 2351 593 2425 ipsum
619 2351 763 2425 paenituit
773 2371 782 2422 ;
814 2369 883 2407 nam
908 2369 975 2408 cum
998 2351 1046 2407 ille
1067 2352 1170 2408 anime

114 2485 142 2516 20
165 2456 232 2514 forti
252 2457 379 2514 invidiae
401 2457 581 2531 ingretorum
603 2458 710 2514 civium
731 2456 866 2513 cessisset
887 2456 1055 2529 bellumque
1076 2457 1169 2513 Lace-

166 2561 315 2619 daemonii
338 2562 566 2620 Atheniensibus
595 2561 776 2631 indixissent,
803 2561 960 2619 censestim
988 2567 1076 2619 netae
1106 2563 1170 2620 eius

165 2668 276 2725 virtritis
301 2667 479 2725 desiderium
508 2672 702 2724 censect'rtum
731 2676 784 2724 est.
827 2668 932 2741 Itaque
962 2677 1029 2741 post
1057 2686 1170 2724 annum

165 2778 309 2846 quintum,
338 2791 426 2846 quam
456 2773 592 2847 expulsus
621 2785 692 2844 erat,
721 2772 751 2829 in
779 2773 903 2846 patriam
934 2779 1085 2830 revocetus
1115 2783 1169 2829 est.

167 2878 230 2949 Ille,
264 2878 346 2952 quod
385 2877 513 2952 hospitio
552 2878 857 2936 Lacedaemoniemm
898 2879 1042 2949 utebetur,
1079 2879 1170 2936 satius

114 3015 141 3062 25
166 2985 334 3042 existimeris
356 2985 498 3042 Graeciae
520 2985 651 3041 civitetes
674 2984 712 3041 de
734 2984 938 3041 contreversiis
959 2990 1017 3040 suis
1039 2984 1117 3041 iuter
1138 2989 1170 3041 se

166 3090 227 3146 iure
256 3088 422 3163 disceptere
452 3107 541 3163 quam
572 3094 658 3146 armis
688 3088 880 3159 contendere,
910 3088 1170 3147 Lacedaemonem

166 3202 218 3252 sue
245 3205 350 3269 sponte
379 3207 423 3252 est
451 3195 600 3269 profectus
628 3200 792 3269 picemque
821 3196 897 3252 inter
924 3195 996 3252 dues
1025 3196 1169 3270 potentis-

166 3301 253 3358 simes
281 3300 412 3358 civitetes
447 3299 620 3358 concilievit.
665 3301 744 3370 Post,
773 3318 870 3374 neque
905 3300 945 3357 ita
981 3301 1084 3372 multo,
1111 3301 1169 3376 Cy·

167 3423 252 3480 pmm
279 3424 347 3462 cum
371 3404 506 3462 ducentis
529 3405 651 3463 nevibus
679 3405 838 3478 imperetor
867 3412 980 3478 missus,
1009 3424 1078 3464 cum
1107 3408 1169 3465 eius

116 3548 144 3593 30
167 3511 308 3568 meierem
329 3520 444 3585 partem
468 3512 579 3568 insulae
605 3510 769 3581 devicisset,
792 3511 822 3567 in
847 3511 984 3570 morbum
1010 3512 1169 3586 implicitus

166 3617 196 3673 in
217 3616 419 3692 oppr'rgnande
441 3616 554 3691 oppido
575 3617 654 3676 Citio
676 3626 720 3674 est
742 3628 881 3674 mortuus.

207 3722 259 3778 IV.
289 3724 381 3779 Hunc
408 3722 602 3780 Athenienses
627 3728 687 3781 nen
712 3723 807 3780 selum
832 3723 862 3779 in
887 3723 974 3793 belle,
999 3722 1053 3780 sed
1079 3724 1168 3781 etiam
