2574 4146
503 658 618 715 XXIII.
655 658 881 715 HANNIBAL.

232 843 256 899 I.
286 842 449 914 Hannibal,
471 841 649 899 Hamilcaris
675 842 765 914 filius,
789 842 1048 917 Carthaiginiensis
1090 845 1120 903 Si
1146 849 1193 902 ve·
1257 871 1284 880 -

191 965 256 1004 rum
277 958 331 1020 est,
353 947 435 1022 quod
456 952 545 1005 neme
568 947 692 1020 dubitat,
714 957 746 1004 ut
769 948 895 1023 populus
917 949 1070 1006 Remanus
1093 955 1194 1008 omnes
1256 963 1284 998 ἔ

190 1058 294 1128 gentes
318 1054 424 1135 virtrite
451 1055 602 1128 supererit,
628 1059 689 1112 non
715 1064 759 1111 est
780 1053 967 1111 infitiandum
993 1056 1193 1115 Hannibalern
1274 1099 1284 1104 -

191 1165 273 1218 tante
305 1160 493 1234 praestitisse¹
516 1165 631 1218 ceteros
663 1161 855 1235 imperatores
888 1161 1054 1235 prudentie,
1084 1168 1193 1237 quante
1280 1188 1284 1197 ·

155 1287 165 1334 5
189 1266 315 1341 populus
337 1268 489 1324 Remenus
515 1265 674 1324 antecedat
699 1265 870 1324 sortitudIne
896 1271 1016 1324 cunctis
1040 1268 1174 1326 netienes
1184 1289 1192 1340 3

189 1389 259 1428 nam
290 1372 555 1446 quotienscumque
590 1390 657 1429 curn
691 1377 727 1430 ee
758 1390 930 1447 congressus
961 1382 1006 1430 est
1037 1373 1068 1430 in
1100 1360 1192 1445 Italie,

190 1495 308 1552 semper
324 1476 458 1535 discessit
476 1478 618 1552 superior.
661 1477 751 1550 Quod
769 1478 823 1534 nisi
845 1476 927 1535 domi
948 1478 1056 1535 civium
1076 1485 1193 1537 suerum

190 1583 299 1642 invidia
323 1584 492 1642 debilitatus
517 1595 603 1655 esset,
627 1586 779 1641 Remenos
803 1584 919 1641 videtur
943 1591 1082 1659 superere
1108 1596 1192 1661 potu-

189 1691 255 1748 isse.
297 1689 356 1748 Sed
379 1691 534 1747 multorum
557 1690 733 1747 obtrectatie
755 1688 863 1747 devicit
884 1694 969 1748 unius
989 1690 1138 1750 virtutem.

141 1823 167 1853 ιο
231 1796 272 1852 ΙΙ.
303 1798 362 1853 Hic
387 1806 486 1852 autem
510 1796 589 1852 velut
617 1795 780 1853 hereditate
806 1796 939 1853 relietum
965 1795 1069 1854 odium
1098 1807 1191 1872 pater-

189 1919 260 1958 num
292 1908 361 1975 erga
395 1903 548 1958 Romenes
584 1908 625 1958 sic
660 1902 852 1972 censervevit,
881 1911 913 1958 ut
948 1902 1028 1977 prius
1063 1903 1191 1960 animam

189 2026 278 2083 quam
299 2007 330 2065 id
352 2007 532 2082 deposuerit,
554 2008 756 2082 quiquidem,
778 2025 847 2064 cum
872 2008 967 2082 patrie
990 2009 1092 2082 pulsus
1117 2021 1192 2068 esset

189 2123 220 2171 et
246 2113 405 2170 alienemm
433 2132 524 2188 opum
552 2114 706 2188 indigeret,
728 2132 890 2188 numquam
918 2113 1065 2172 destiterit
1094 2117 1191 2174 anime

189 2219 297 2278 bellere
319 2237 387 2276 cum
409 2221 559 2276 Remenis.
602 2220 681 2276 Nam
701 2229 733 2276 ut
755 2219 890 2277 omittam
909 2219 1089 2294 Philippum,
1104 2239 1191 2295 quem

140 2353 163 2400 ις
187 2325 294 2384 absens
319 2325 435 2382 hostem
461 2323 592 2382 reddidit
617 2326 770 2396 Remenis,
792 2325 925 2382 omnium
942 2331 984 2383 eis
1008 2327 1192 2400 temporibus

187 2431 409 2516 potentissimus
433 2435 484 2487 rex
508 2430 670 2488 Antiochus
695 2430 757 2488 fuit.
801 2431 892 2488 Hunc
920 2436 1001 2489 tante
1029 2431 1194 2506 cupiditate

187 2535 320 2594 Incendit
340 2535 478 2607 bellandi,
493 2546 526 2593 ut
547 2554 639 2610 usque
662 2542 679 2593 e
700 2536 788 2594 rubro
811 2543 883 2593 mari
904 2554 986 2593 arma
1010 2542 1135 2597 conatus
1155 2538 1191 2596 sit

186 2642 293 2700 inferre
321 2628 434 2699 Italiae.
476 2641 522 2699 Ad
553 2660 643 2716 quem
672 2660 740 2698 cum
768 2643 855 2716 legeti
878 2631 1028 2700 venissent
1053 2645 1190 2717 Remeni,

187 2756 237 2823 qui
275 2747 313 2805 de
357 2748 418 2805 eius
456 2747 605 2804 voluntite
644 2748 830 2821 explorerent
867 2747 1031 2823 darentque
1070 2767 1190 2824 operam

137 2882 165 2912 20
187 2854 314 2912 censiliis
344 2853 531 2910 clandestinis
559 2863 591 2909 ut
619 2852 820 2911 Hannibalem
848 2853 878 2910 in
906 2853 1107 2927 suspicienem
1132 2860 1191 2930 regi

187 2960 379 3030 addiscerent,
402 2968 552 3033 tamquam
577 2958 615 3016 ab
639 2959 708 3032 ipsis
733 2968 886 3032 corruptus
909 2958 966 3015 alia
991 2969 1080 3034 atque
1106 2965 1189 3018 antee

187 3073 316 3137 sentiret,
341 3083 439 3139 neque
464 3063 494 3121 id
518 3064 622 3121 frustra}
646 3063 788 3121 fecissent
813 3063 904 3138 idque
931 3065 1086 3124 Hannibal
1110 3085 1187 3125 com·

187 3173 310 3247 perisset
338 3176 428 3246 seque
456 3171 495 3227 ab
522 3169 708 3227 interioribus
738 3170 865 3227 consiliis
890 3175 1037 3246 segregiri
1060 3172 1187 3244 vidisset,

187 3289 321 3354 tempore
350 3277 420 3335 dato
448 3276 521 3334 adiit
549 3276 588 3334 ad
613 3281 722 3351 regem,
745 3282 830 3350 eique
855 3294 925 3333 cum
950 3277 1043 3335 multa
1067 3277 1108 3338 de
1132 3277 1188 3336 fide

144 3417 169 3462 ²5
186 3390 238 3442 sue
262 3393 292 3440 et
316 3381 387 3440 odie
415 3382 446 3438 in
474 3383 626 3439 Romanos
655 3387 925 3454 commemoresset,
951 3383 1008 3441 hec
1038 3384 1187 3444 adirinxit:

187 3492 304 3547 “Pater
339 3489 451 3558 meus,’'
482 3487 585 3562 inquit,
620 3488 804 3545 “Hamilcar
837 3488 960 3562 puerule
996 3494 1054 3562 me,
1088 3500 1188 3567 utpote

186 3601 245 3657 nen
274 3595 397 3672 amplius
423 3611 529 3652 novem
555 3599 647 3652 annes
672 3599 750 3666 nato,
772 3594 803 3653 in
828 3593 1006 3669 Hispeniam
1031 3595 1190 3674 imperator

645 3696 690 3749 108
