2574 4146
118 248 159 297 10
407 244 577 296 CORNELII
600 246 748 298 NEPOTIS
771 247 878 298 VITAE
1114 250 1166 315 [111.

165 419 369 478 censectande
396 438 476 477 mare
505 425 600 479 tritum
628 419 767 478 reddidit.
813 422 849 479 In
876 428 937 496 que
965 441 1033 480 curn
1063 423 1167 482 divitiis

166 525 289 597 amavit,
318 535 381 583 turn
409 527 499 583 etiam
527 527 718 601 peritissimas
746 526 817 585 belli
840 528 949 585 navalis
974 528 1051 586 fecit
1078 530 1167 587 Athe-

166 632 293 690 nienses.
349 630 386 689 1d
420 641 548 706 quantae
583 633 667 691 saliiti
702 633 788 690 suerit
823 633 975 690 aniversae
1014 636 1167 707 Graeciae,

167 738 245 795 belle
273 738 425 811 segnitum
454 748 498 796 est
527 739 653 796 Persice.
698 740 784 796 Nam·
805 757 874 796 cum
898 741 1010 797 Xerxes
1039 751 1069 798 et
1098 748 1169 798 mari

132 866 142 914 ς
167 853 198 901 et
228 850 305 902 terra
335 844 446 902 bellum
476 844 627 903 aniversae
656 845 776 902 inferret
805 846 952 919 Eurapae,
982 864 1050 902 cum
1083 854 1168 905 tantis

167 950 260 1024 copiis
285 969 351 1007 eam
374 951 488 1022 invasit,
509 957 633 1024 quantas
654 968 752 1024 neque
774 961 842 1008 ante
864 969 920 1008 nec
942 958 1047 1026 postea
1067 952 1169 1010 habuit

167 1052 340 1130 quisquam:
365 1057 450 1114 huius
469 1056 547 1113 enim
565 1056 664 1114 classis
687 1056 764 1113 mille
785 1067 816 1114 et
836 1056 1030 1114 ducentarum
1051 1059 1168 1115 navium

167 1163 319 1238 longarum
344 1162 407 1234 fuit,
430 1180 520 1236 quarn
545 1163 605 1220 duo
631 1162 710 1219 milia
732 1163 929 1219 onerariarum
950 1163 1168 1237 sequebanturj

167 1270 310 1326 terrestris
338 1278 437 1326 autern
468 1265 613 1326 exercitus
645 1269 831 1343 septingenta
863 1268 1007 1342 peditum,
1036 1270 1168 1343 equitum

119 1403 144 1432 10
167 1373 381 1449 quadringenta
401 1375 480 1431 milia
501 1374 625 1432 fuerunt.

207 1480 298 1538 Caius
320 1480 359 1537 de
380 1479 509 1537 adventa
530 1498 598 1537 cum
619 1480 703 1537 sarna
724 1481 755 1536 in
776 1480 933 1538 Graeciam
955 1489 1032 1537 esset
1057 1481 1170 1555 perlata

167 1595 198 1642 et
226 1585 352 1643 maxime
380 1585 575 1643 Athenienses
603 1593 664 1660 peti
692 1585 859 1642 dicerentur
886 1595 1008 1660 propter
1038 1591 1168 1661 pagnam

168 1692 395 1762 Maratheniam‚
414 1696 554 1749 miserunt
575 1693 710 1766 Delphos
731 1693 906 1763 consultum,
926 1692 1068 1766 quidnam
1091 1693 1167 1751 face·

166 1806 231 1854 rent
256 1796 294 1854 de
321 1798 407 1855 rebus
432 1804 498 1854 suia.
551 1798 789 1856 Deliberantibus
816 1798 919 1869 Pythia
950 1797 1112 1872 respondit,
1137 1808 1169 1857 ut

118 1925 142 1972 15
166 1902 322 1960 moenibus
343 1903 443 1977 ligneis
465 1907 497 1960 se
519 1908 673 1960 inanirent.
717 1903 754 1960 Id
775 1909 949 1978 respensum
974 1909 1034 1978 que
1057 1904 1168 1963 valeret

167 2026 235 2065 cum
263 2008 447 2082 intellegeret
474 2012 573 2079 neme,
597 2009 813 2067 Themistocles
842 2010 983 2083 persuasit
1012 2010 1167 2067 consilium

167 2131 231 2170 esse
258 2114 411 2188 Apollinis,
438 2123 470 2170 ut
499 2114 529 2170 in
557 2119 645 2172 naves
674 2119 705 2172 se
734 2133 845 2188 suaque
874 2115 1060 2173 conferrent:
1099 2134 1168 2173 eum

167 2220 246 2276 enirn
281 2225 299 2276 a
332 2218 390 2276 dee
425 2219 580 2294 significari
614 2225 729 2277 marum
765 2221 903 2295 ligneum.
945 2222 1010 2278 Tali
1044 2222 1169 2279 consilio

166 2326 292 2398 probate
327 2324 440 2382 addunt
474 2324 512 2382 ad
548 2326 711 2399 superiores
748 2325 873 2383 totidem
909 2331 997 2384 naves
1035 2327 1168 2385 triremes

115 2456 143 2486 20
166 2448 277 2504 suaque
312 2431 413 2488 omnia
446 2449 522 2505 quae
559 2437 668 2488 moveri
702 2441 840 2505 poterant
870 2433 977 2507 partim
1012 2433 1167 2504 Salamina,

166 2537 272 2610 partim
300 2538 452 2594 Troezena
479 2535 637 2610 deportant
648 2557 656 2608 3
695 2554 794 2594 arcem
823 2538 1025 2596 sacerdatibus
1053 2544 1167 2611 paucis-

165 2659 224 2716 que
252 2642 410 2700 maieribus
438 2647 508 2699 nata
536 2641 574 2699 ad
606 2660 689 2700 sacra
723 2643 908 2718 procuranda
943 2643 1071 2715 tradunt,
1102 2644 1166 2701 reli-

165 2765 256 2821 quum
279 2746 423 2822 oppidum
444 2748 621 2821 relinquunt.

206 2853 265 2910 ΙΙΙ.
294 2852 391 2910 Hirius
426 2852 581 2910 consilium
614 2853 760 2928 plerisque
796 2853 960 2912 civitatibus
991 2854 1167 2928 displicebat

114 2984 140 3031 25
165 2967 195 3015 et
222 2959 252 3015 in
280 2965 356 3016 terra
383 2957 516 3016 dimicari
544 2959 636 3033 magis
667 2958 811 3033 placebat.
860 2961 964 3033 Itaque
992 2967 1072 3017 missi
1100 2971 1167 3018 sunt

165 3063 274 3121 delecti
298 3082 366 3121 cum
392 3063 533 3134 leonida,
561 3063 865 3121 Lacedaemoniorum
894 3069 971 3139 rege,
996 3071 1046 3138 qui
1072 3066 1165 3122 Ther-

164 3171 297 3244 mopylas
333 3175 513 3244 occuparent
549 3169 722 3244 longiusque
756 3169 896 3228 barbares
931 3169 1070 3246 progredi
1105 3177 1166 3229 nan

99 3270 102 3276 ’
163 3285 342 3349 paterentur.
385 3277 410 3332 Ii
432 3275 491 3332 vim
514 3275 642 3332 hostium
664 3280 725 3332 nen
749 3275 948 3334 sustinuerunt
974 3282 1069 3350 eaque
1098 3276 1166 3334 loce

164 3386 267 3438 omnes
300 3381 481 3439 interierunt.
536 3382 575 3437 At
609 3380 708 3438 classis
741 3381 906 3440 commanis
936 3382 1080 3440 Graeciae
1109 3392 1165 3439 tre-

114 3514 142 3561 30
164 3491 315 3543 centarum
342 3487 470 3558 navium,
502 3486 532 3542 in
560 3491 619 3559 qua
646 3485 791 3543 ducentae
821 3497 903 3544 erant
931 3488 1165 3560 Atheniensium,

163 3597 291 3665 primunr
312 3591 391 3666 apud
413 3590 601 3649 Artemisium
626 3591 701 3648 inter
727 3592 881 3651 Euboeam
902 3594 1166 3667 continentemque

164 3705 271 3754 terram
305 3715 374 3754 cum
408 3696 561 3754 classiariis
596 3696 681 3771 regiis
709 3697 849 3755 cenfiixit.
902 3699 1057 3773 Angustias
1085 3699 1165 3756 enim
