2574 4146
115 280 165 345 1v.]
542 279 750 329 rruorrrnus
1133 285 1174 350 59

115 453 232 523 niteret,
262 453 371 510 multae
399 471 507 511 novem
536 457 633 527 partes
663 451 789 509 detrixit
817 462 847 509 et
875 451 981 511 decem
1013 453 1123 511 talenta

115 560 284 630 Cononem,
307 560 403 616 tilium
424 560 496 631 eius,
518 559 556 617 ad
583 564 656 617 mirri
680 559 830 632 quandam
852 571 965 634 partem
989 561 1121 618 reficien-

115 664 186 722 dam
215 665 298 723 iussit
326 665 406 722 dare.
450 667 485 722 In
513 670 574 738 quo
603 665 743 722 feminae
770 665 894 722 varietas
921 677 965 723 est
990 666 1122 724 animad-

114 790 208 829 versa,
251 772 330 829 Nam
356 777 430 846 ques
454 791 525 829 avus
549 777 647 829 muros
669 789 706 828 ex
727 772 855 829 hostium
878 771 989 845 praeda
1010 772 1122 846 patriae

113 878 292 949 restituerat,
314 877 437 936 eosdem
459 883 555 952 nepos
576 896 645 934 cum
670 884 785 935 summai
807 878 971 951 ignominie
996 878 1122 936 familiae
1147 906 1157 952 5

113 1003 150 1042 ex
176 991 230 1042 suai
253 975 294 1042 re'
310 985 443 1042 familieri
466 985 588 1042 reticere
610 991 731 1043 coaictus
753 994 807 1042 est.
849 985 999 1042 Timothei
1022 995 1121 1043 autem
1202 1034 1206 1045 ,

113 1090 288 1148 moderatae
309 1091 509 1166 sapientisque
531 1097 607 1148 vitae
632 1109 700 1147 cum
722 1090 861 1165 pleraque
884 1097 1029 1164 possimus
1053 1097 1120 1165 pri>-

112 1197 189 1254 serre
215 1197 393 1267 testimonia,
418 1201 478 1255 imo
503 1197 612 1254 erimus
636 1203 778 1267 contenti,
804 1196 887 1271 quod
912 1215 949 1254 ex
974 1202 1011 1254 eo
1036 1197 1120 1255 facile

111 1302 212 1360 conici
232 1302 352 1376 poterit,
374 1319 463 1376 quarn
484 1308 568 1360 cirus
589 1308 647 1359 suis
668 1301 763 1359 fuerit.
806 1301 883 1360 Cum
904 1301 1027 1360 Athenis
1049 1301 1120 1359 adu·

110 1408 292 1466 lescentulus
320 1425 439 1465 causam
472 1406 594 1479 diceret,
622 1412 683 1464 non
714 1407 810 1464 solum
841 1413 928 1464 amici
958 1414 1120 1483 privatique
1146 1427 1171 1457 10

110 1513 247 1588 hospites
272 1512 311 1570 ad
336 1531 405 1571 eum
426 1511 649 1571 defendendum
670 1517 880 1584 convenerunt,
902 1512 956 1569 sed
979 1513 1068 1571 etiam
1090 1513 1120 1570 in

110 1626 156 1676 eis
181 1621 281 1689 lesen,
304 1629 443 1693 tyrannus
466 1618 646 1689 Thessaliae,
668 1624 719 1692 qui
743 1618 793 1676 illo
818 1628 953 1692 tempore
978 1618 1031 1676 fuit
1056 1637 1118 1676 om-

109 1724 195 1782 nium
224 1724 456 1800 potentissimus.
499 1725 560 1781 Hic
587 1742 655 1780 cum
684 1723 714 1780 in
742 1723 836 1797 patrie
860 1724 922 1780 sine
948 1723 1119 1782 satellitibus

109 1835 144 1888 se
176 1835 274 1888 tritum
304 1835 367 1887 non
397 1829 593 1900 arbitraretur,
621 1828 753 1886 Athenis
785 1829 847 1886 siue
879 1829 939 1886 tillo
971 1829 1119 1903 praesidio

108 1936 192 1993 venit
220 1941 353 2010 tantique
381 1935 529 2010 hospitem
554 1935 640 2005 fecit,
664 1945 697 1991 ut
725 1934 825 1992 mallet
849 1939 881 1991 se
909 1935 1013 2008 capitis
1042 1942 1118 2009 peri-
1143 1958 1167 2005 ¹5

108 2042 212 2099 culum
238 2040 319 2098 adire
344 2059 433 2116 quam
457 2041 617 2098 Timothei>
646 2039 684 2097 de
713 2040 797 2097 sema
824 2040 976 2097 dimicanti
1003 2040 1117 2098 deesse.

109 2149 205 2205 Hunc
242 2147 382 2204 adversus
417 2156 517 2204 tamen
555 2145 730 2202 Timotheus
765 2152 869 2219 postei
903 2146 1005 2219 populi
1039 2147 1117 2204 iirssir

108 2254 222 2313 bellum
247 2253 356 2327 gessit,
386 2251 498 2327 patriae
523 2251 603 2308 enim
627 2251 775 2308 sanctiora
799 2251 862 2307 irira
886 2269 974 2325 quam
999 2251 1118 2326 hospitii

107 2378 175 2417 esse
198 2359 292 2417 duxit.

152 2467 241 2522 Haec
273 2468 405 2522 extrema
434 2464 488 2520 fuit
522 2469 601 2520 aetas
636 2463 847 2536 imperatorum
882 2462 1115 2533 Atheniensium,
1139 2489 1168 2520 ιο

107 2558 281 2644 Ϊρὴίοταῑίε,
301 2568 458 2640 Chabriae,
477 2568 637 2638 Trmothei,
657 2585 754 2641 neque
776 2577 843 2641 post
864 2567 979 2625 illerum
1002 2568 1116 2626 obitum

109 2676 268 2750 quisquam
290 2674 351 2733 dux
371 2675 402 2731 in
422 2674 471 2731 illi
491 2674 563 2731 urbe
586 2673 639 2731 fuit
660 2673 765 2747 dignus
787 2673 939 2731 memorii.

150 2781 248 2838 Venio
276 2798 356 2837 nunc
383 2779 422 2838 ad
450 2779 641 2837 fortissimum
668 2779 762 2836 virum
794 2779 973 2852 meximique
1002 2780 1116 2837 consilii

109 2887 244 2945 omnium
277 2886 478 2957 barbarerum,
507 2892 637 2960 exceptis
669 2885 784 2943 duobus
816 2884 1114 2959 Carthaginiensibus

110 2993 283 3050 Hamilcare
312 3001 342 3050 et
370 2991 549 3050 Hannibale.
592 2993 639 3049 De
667 2996 728 3066 quo
753 2991 810 3048 hoc
835 2991 918 3064 phira
946 2990 1115 3063 referemus,
1138 3017 1163 3064 ²5

109 3098 191 3172 quod
220 3108 250 3156 et
278 3097 449 3156 obscirriora
477 3106 545 3154 sunt
567 3096 629 3155 eius
652 3106 736 3171 gesta
759 3097 898 3171 pleraque
925 3105 955 3153 et
979 3114 1015 3153 ea
1039 3115 1114 3171 quae

108 3208 252 3278 prespere
287 3209 315 3261 ei
348 3207 508 3274 cessemnt,
537 3207 597 3260 non
632 3201 833 3277 mignitridine
869 3202 1031 3276 copiamm,
1061 3203 1115 3260 sed

109 3310 232 3381 censilii‚
261 3313 321 3384 que
350 3318 412 3366 tum
440 3313 543 3366 omnes
572 3307 739 3382 superibat,
769 3307 940 3366 acciderunt
951 3328 960 3380 ;
989 3313 1114 3381 quemm

109 3414 165 3474 nisi
186 3415 260 3473 ratie
282 3415 428 3490 explicita
446 3414 541 3485 suerit,
563 3418 608 3472 res
630 3419 772 3488 appetere
794 3418 854 3471 nen
875 3423 1022 3488 poterunt.
