<?xml version="1.0" encoding="UTF-8"?>
<!DOCTYPE html PUBLIC "-//W3C//DTD XHTML 1.0 Transitional//EN"
    "http://www.w3.org/TR/xhtml1/DTD/xhtml1-transitional.dtd">
<html xmlns="http://www.w3.org/1999/xhtml" xml:lang="en" lang="en">
 <head>
  <title>
</title>
<meta http-equiv="Content-Type" content="text/html;charset=utf-8" />
  <meta name='ocr-system' content='tesseract 3.04.00' />
  <meta name='ocr-capabilities' content='ocr_page ocr_carea ocr_par ocr_line ocrx_word'/>
</head>
<body>
  <div class='ocr_page' id='page_1' title='image "./corneliinepotis02nepogoog_0160.png"; bbox 0 0 2574 4146; ppageno 0'>
   <div class='ocr_carea' id='block_1_1' title="bbox 120 262 1171 328">
    <p class='ocr_par' dir='ltr' id='par_1_1' title="bbox 120 262 1171 328">
     <span class='ocr_line' id='line_1_1' title="bbox 120 262 1171 328; baseline -0.001 -15"><span class='ocrx_word' id='word_1_1' title='bbox 120 267 181 328; x_wconf 87' lang='lat'>124</span> <span class='ocrx_word' id='word_1_2' title='bbox 408 262 578 312; x_wconf 89' lang='lat' dir='ltr'><strong>CORNELII</strong></span> <span class='ocrx_word' id='word_1_3' title='bbox 602 263 626 310; x_wconf 88' lang='lat' dir='ltr'>N</span> <span class='ocrx_word' id='word_1_4' title='bbox 630 262 749 312; x_wconf 87' lang='lat' dir='ltr'><strong>EPOTIS</strong></span> <span class='ocrx_word' id='word_1_5' title='bbox 772 262 879 310; x_wconf 85' lang='lat' dir='ltr'><strong>VITAE</strong></span> <span class='ocrx_word' id='word_1_6' title='bbox 1029 262 1171 326; x_wconf 79' lang='lat' dir='ltr'>[vr1.,v111.</span> 
     </span>
    </p>
   </div>
   <div class='ocr_carea' id='block_1_2' title="bbox 165 434 1172 829">
    <p class='ocr_par' dir='ltr' id='par_1_2' title="bbox 165 434 1172 599">
     <span class='ocr_line' id='line_1_2' title="bbox 166 434 1172 510; baseline 0.001 -18"><span class='ocrx_word' id='word_1_7' title='bbox 166 435 269 506; x_wconf 75' lang='lat' dir='ltr'>carior,</span> <span class='ocrx_word' id='word_1_8' title='bbox 297 453 365 492; x_wconf 91' lang='lat' dir='ltr'>curn</span> <span class='ocrx_word' id='word_1_9' title='bbox 399 453 465 493; x_wconf 87' lang='lat' dir='ltr'>earn</span> <span class='ocrx_word' id='word_1_10' title='bbox 499 435 607 507; x_wconf 77' lang='lat' dir='ltr'>officio,</span> <span class='ocrx_word' id='word_1_11' title='bbox 637 440 698 492; x_wconf 78' lang='lat' dir='ltr'>non</span> <span class='ocrx_word' id='word_1_12' title='bbox 728 434 826 492; x_wconf 81' lang='lat' dir='ltr'>timori</span> <span class='ocrx_word' id='word_1_13' title='bbox 856 452 953 508; x_wconf 89' lang='lat' dir='ltr'>neque</span> <span class='ocrx_word' id='word_1_14' title='bbox 985 441 1049 510; x_wconf 91' lang='lat' dir='ltr'>spei</span> <span class='ocrx_word' id='word_1_15' title='bbox 1084 437 1172 493; x_wconf 90' lang='lat' dir='ltr'>tribui</span> 
     </span>
     <span class='ocr_line' id='line_1_3' title="bbox 165 540 309 599; baseline 0 -1"><span class='ocrx_word' id='word_1_16' title='bbox 165 540 309 599; x_wconf 69' lang='lat' dir='ltr'>videtent.</span> 
     </span>
    </p>

    <p class='ocr_par' dir='ltr' id='par_1_3' title="bbox 165 646 1171 829">
     <span class='ocr_line' id='line_1_4' title="bbox 205 646 1171 706; baseline 0.003 -3"><span class='ocrx_word' id='word_1_17' title='bbox 205 648 275 705; x_wconf 90' lang='lat' dir='ltr'><strong>VII.</strong></span> <span class='ocrx_word' id='word_1_18' title='bbox 306 646 416 705; x_wconf 88' lang='lat' dir='ltr'><strong>Incidit</strong></span> <span class='ocrx_word' id='word_1_19' title='bbox 440 647 650 706; x_wconf 78' lang='lat' dir='ltr'>Caesarianum</span> <span class='ocrx_word' id='word_1_20' title='bbox 676 647 759 704; x_wconf 88' lang='lat' dir='ltr'>civile</span> <span class='ocrx_word' id='word_1_21' title='bbox 785 647 903 704; x_wconf 91' lang='lat' dir='ltr'>bellurn.</span> <span class='ocrx_word' id='word_1_22' title='bbox 946 647 1023 704; x_wconf 92' lang='lat' dir='ltr'>Cum</span> <span class='ocrx_word' id='word_1_23' title='bbox 1049 647 1171 706; x_wconf 73' lang='lat' dir='ltr'>habetet</span> 
     </span>
     <span class='ocr_line' id='line_1_5' title="bbox 165 753 1170 829; baseline 0.003 -20"><span class='ocrx_word' id='word_1_24' title='bbox 165 757 259 810; x_wconf 73' lang='lat' dir='ltr'>annos</span> <span class='ocrx_word' id='word_1_25' title='bbox 284 753 400 810; x_wconf 85' lang='lat' dir='ltr'>circiter</span> <span class='ocrx_word' id='word_1_26' title='bbox 425 753 584 827; x_wconf 77' lang='lat' dir='ltr'>sexaginta,</span> <span class='ocrx_word' id='word_1_27' title='bbox 606 758 674 810; x_wconf 77' lang='lat' dir='ltr'>fisus</span> <span class='ocrx_word' id='word_1_28' title='bbox 699 762 744 810; x_wconf 89' lang='lat' dir='ltr'>est</span> <span class='ocrx_word' id='word_1_29' title='bbox 768 753 872 811; x_wconf 76' lang='lat' dir='ltr'>aetatis</span> <span class='ocrx_word' id='word_1_30' title='bbox 897 753 1052 810; x_wconf 74' lang='lat' dir='ltr'>vacatione</span> <span class='ocrx_word' id='word_1_31' title='bbox 1073 771 1170 829; x_wconf 88' lang='lat' dir='ltr'>neque</span> 
     </span>
    </p>
   </div>
   <div class='ocr_carea' id='block_1_3' title="bbox 130 858 1171 934">
    <p class='ocr_par' dir='ltr' id='par_1_4' title="bbox 130 858 1171 934">
     <span class='ocr_line' id='line_1_6' title="bbox 130 858 1171 934; baseline 0.003 -19"><span class='ocrx_word' id='word_1_32' title='bbox 130 879 140 927; x_wconf 79' lang='grc' dir='ltr'>ς</span> <span class='ocrx_word' id='word_1_33' title='bbox 165 863 196 915; x_wconf 73' lang='lat' dir='ltr'>se</span> <span class='ocrx_word' id='word_1_34' title='bbox 232 864 382 932; x_wconf 79' lang='lat' dir='ltr'>quoquam</span> <span class='ocrx_word' id='word_1_35' title='bbox 415 860 511 919; x_wconf 60' lang='lat' dir='ltr'>,movit</span> <span class='ocrx_word' id='word_1_36' title='bbox 547 877 583 916; x_wconf 90' lang='lat' dir='ltr'>ex</span> <span class='ocrx_word' id='word_1_37' title='bbox 616 858 698 917; x_wconf 89' lang='lat' dir='ltr'>urbe.</span> <span class='ocrx_word' id='word_1_38' title='bbox 755 859 839 932; x_wconf 89' lang='lat' dir='ltr'><strong>Quae</strong></span> <span class='ocrx_word' id='word_1_39' title='bbox 874 864 976 915; x_wconf 88' lang='lat' dir='ltr'>amicis</span> <span class='ocrx_word' id='word_1_40' title='bbox 1007 865 1066 916; x_wconf 89' lang='lat' dir='ltr'>suis</span> <span class='ocrx_word' id='word_1_41' title='bbox 1097 877 1171 934; x_wconf 90' lang='lat' dir='ltr'>opus</span> 
     </span>
    </p>
   </div>
   <div class='ocr_carea' id='block_1_4' title="bbox 112 963 1171 3787">
    <p class='ocr_par' dir='ltr' id='par_1_5' title="bbox 166 963 1171 1356">
     <span class='ocr_line' id='line_1_7' title="bbox 166 963 1171 1038; baseline 0.003 -18"><span class='ocrx_word' id='word_1_42' title='bbox 166 963 279 1020; x_wconf 85' lang='lat' dir='ltr'>fuerant</span> <span class='ocrx_word' id='word_1_43' title='bbox 304 965 342 1022; x_wconf 87' lang='lat' dir='ltr'>ad</span> <span class='ocrx_word' id='word_1_44' title='bbox 373 965 547 1038; x_wconf 70' lang='lat' dir='ltr'>PompEium</span> <span class='ocrx_word' id='word_1_45' title='bbox 576 965 841 1038; x_wconf 83' lang='lat' dir='ltr'>proficiscentibus,</span> <span class='ocrx_word' id='word_1_46' title='bbox 867 964 967 1021; x_wconf 89' lang='lat' dir='ltr'>omnia</span> <span class='ocrx_word' id='word_1_47' title='bbox 996 982 1033 1021; x_wconf 87' lang='lat' dir='ltr'>ex</span> <span class='ocrx_word' id='word_1_48' title='bbox 1061 971 1114 1023; x_wconf 68' lang='lat' dir='ltr'>sui</span> <span class='ocrx_word' id='word_1_49' title='bbox 1141 971 1171 1024; x_wconf 76' lang='lat' dir='ltr'>re</span> 
     </span>
     <span class='ocr_line' id='line_1_8' title="bbox 166 1068 1168 1144; baseline 0.002 -19"><span class='ocrx_word' id='word_1_50' title='bbox 166 1069 299 1126; x_wconf 75' lang='lat' dir='ltr'>familiari</span> <span class='ocrx_word' id='word_1_51' title='bbox 320 1068 413 1141; x_wconf 86' lang='lat' dir='ltr'>dedit,</span> <span class='ocrx_word' id='word_1_52' title='bbox 428 1069 524 1144; x_wconf 91' lang='lat' dir='ltr'>ipsum</span> <span class='ocrx_word' id='word_1_53' title='bbox 547 1070 722 1144; x_wconf 74' lang='lat' dir='ltr'>Pompeium</span> <span class='ocrx_word' id='word_1_54' title='bbox 742 1071 932 1128; x_wconf 77' lang='lat' dir='ltr'>coniimctum</span> <span class='ocrx_word' id='word_1_55' title='bbox 954 1075 1016 1128; x_wconf 78' lang='lat' dir='ltr'>non</span> <span class='ocrx_word' id='word_1_56' title='bbox 1037 1071 1168 1129; x_wconf 85' lang='lat' dir='ltr'>offendit.</span> 
     </span>
     <span class='ocr_line' id='line_1_9' title="bbox 167 1174 1171 1251; baseline 0.003 -20"><span class='ocrx_word' id='word_1_57' title='bbox 167 1174 287 1231; x_wconf 79' lang='lat' dir='ltr'>Nirllum</span> <span class='ocrx_word' id='word_1_58' title='bbox 316 1175 353 1233; x_wconf 89' lang='lat' dir='ltr'>ab</span> <span class='ocrx_word' id='word_1_59' title='bbox 381 1180 418 1231; x_wconf 82' lang='lat' dir='ltr'>eo</span> <span class='ocrx_word' id='word_1_60' title='bbox 446 1174 574 1234; x_wconf 72' lang='lat' dir='ltr'>habebat</span> <span class='ocrx_word' id='word_1_61' title='bbox 602 1181 817 1246; x_wconf 73' lang='lat' dir='ltr'>ornamentum,</span> <span class='ocrx_word' id='word_1_62' title='bbox 846 1185 878 1233; x_wconf 91' lang='lat' dir='ltr'>ut</span> <span class='ocrx_word' id='word_1_63' title='bbox 906 1180 1007 1247; x_wconf 70' lang='lat' dir='ltr'>ceteri,</span> <span class='ocrx_word' id='word_1_64' title='bbox 1037 1183 1089 1250; x_wconf 92' lang='lat' dir='ltr'>qui</span> <span class='ocrx_word' id='word_1_65' title='bbox 1119 1195 1171 1251; x_wconf 90' lang='lat' dir='ltr'>per</span> 
     </span>
     <span class='ocr_line' id='line_1_10' title="bbox 167 1268 1170 1356; baseline 0.005 -21"><span class='ocrx_word' id='word_1_66' title='bbox 167 1297 234 1336; x_wconf 92' lang='lat' dir='ltr'>eurn</span> <span class='ocrx_word' id='word_1_67' title='bbox 256 1268 311 1336; x_wconf 52' lang='lat' dir='ltr'>&#39;aut</span> <span class='ocrx_word' id='word_1_68' title='bbox 340 1279 467 1338; x_wconf 71' lang='lat' dir='ltr'>honores</span> <span class='ocrx_word' id='word_1_69' title='bbox 494 1291 544 1337; x_wconf 88' lang='lat' dir='ltr'>aut</span> <span class='ocrx_word' id='word_1_70' title='bbox 572 1279 688 1338; x_wconf 73' lang='lat' dir='ltr'>divitias</span> <span class='ocrx_word' id='word_1_71' title='bbox 715 1285 875 1354; x_wconf 74' lang='lat' dir='ltr'>ceperant3</span> <span class='ocrx_word' id='word_1_72' title='bbox 907 1286 1034 1355; x_wconf 77' lang='lat' dir='ltr'>quorum</span> <span class='ocrx_word' id='word_1_73' title='bbox 1062 1283 1170 1356; x_wconf 89' lang='lat' dir='ltr'>partim</span> 
     </span>
    </p>

    <p class='ocr_par' dir='ltr' id='par_1_6' title="bbox 117 1385 1170 1881">
     <span class='ocr_line' id='line_1_11' title="bbox 117 1385 1170 1459; baseline -0.001 -14"><span class='ocrx_word' id='word_1_74' title='bbox 117 1413 144 1445; x_wconf 88' lang='lat'>10</span> <span class='ocrx_word' id='word_1_75' title='bbox 165 1385 328 1442; x_wconf 82' lang='lat' dir='ltr'>invitissimi</span> <span class='ocrx_word' id='word_1_76' title='bbox 362 1394 457 1442; x_wconf 88' lang='lat' dir='ltr'>castra</span> <span class='ocrx_word' id='word_1_77' title='bbox 489 1395 555 1442; x_wconf 91' lang='lat' dir='ltr'>sunt</span> <span class='ocrx_word' id='word_1_78' title='bbox 586 1391 687 1457; x_wconf 81' lang='lat' dir='ltr'>secirti,</span> <span class='ocrx_word' id='word_1_79' title='bbox 716 1386 823 1459; x_wconf 89' lang='lat' dir='ltr'>partim</span> <span class='ocrx_word' id='word_1_80' title='bbox 855 1391 970 1443; x_wconf 75' lang='lat' dir='ltr'>summa</span> <span class='ocrx_word' id='word_1_81' title='bbox 1004 1404 1074 1442; x_wconf 88' lang='lat' dir='ltr'>curn</span> <span class='ocrx_word' id='word_1_82' title='bbox 1110 1387 1170 1445; x_wconf 74' lang='lat' dir='ltr'>eius</span> 
     </span>
     <span class='ocr_line' id='line_1_12' title="bbox 167 1489 1169 1566; baseline 0.003 -20"><span class='ocrx_word' id='word_1_83' title='bbox 167 1489 210 1547; x_wconf 84' lang='lat' dir='ltr'>off</span> <span class='ocrx_word' id='word_1_84' title='bbox 213 1490 334 1547; x_wconf 74' lang='lat' dir='ltr'>ensione</span> <span class='ocrx_word' id='word_1_85' title='bbox 355 1489 437 1547; x_wconf 91' lang='lat' dir='ltr'>domi</span> <span class='ocrx_word' id='word_1_86' title='bbox 459 1495 669 1548; x_wconf 71' lang='lat' dir='ltr'>remanserunt.</span> <span class='ocrx_word' id='word_1_87' title='bbox 712 1491 832 1550; x_wconf 87' lang='lat' dir='ltr'>Caesari</span> <span class='ocrx_word' id='word_1_88' title='bbox 852 1500 950 1548; x_wconf 89' lang='lat' dir='ltr'>autem</span> <span class='ocrx_word' id='word_1_89' title='bbox 972 1491 1065 1549; x_wconf 86' lang='lat' dir='ltr'>Attici</span> <span class='ocrx_word' id='word_1_90' title='bbox 1086 1493 1169 1566; x_wconf 72' lang='lat' dir='ltr'>quies</span> 
     </span>
     <span class='ocr_line' id='line_1_13' title="bbox 166 1595 1169 1671; baseline 0.004 -19"><span class='ocrx_word' id='word_1_91' title='bbox 166 1600 249 1653; x_wconf 79' lang='lat' dir='ltr'>tanto</span> <span class='ocrx_word' id='word_1_92' title='bbox 277 1612 366 1668; x_wconf 91' lang='lat' dir='ltr'>opere</span> <span class='ocrx_word' id='word_1_93' title='bbox 395 1595 448 1653; x_wconf 89' lang='lat' dir='ltr'>fuit</span> <span class='ocrx_word' id='word_1_94' title='bbox 475 1601 567 1670; x_wconf 74' lang='lat' dir='ltr'>grata,</span> <span class='ocrx_word' id='word_1_95' title='bbox 594 1607 627 1654; x_wconf 90' lang='lat' dir='ltr'>ut</span> <span class='ocrx_word' id='word_1_96' title='bbox 654 1602 755 1666; x_wconf 89' lang='lat' dir='ltr'>victor,</span> <span class='ocrx_word' id='word_1_97' title='bbox 784 1615 852 1653; x_wconf 91' lang='lat' dir='ltr'>cum</span> <span class='ocrx_word' id='word_1_98' title='bbox 881 1602 998 1670; x_wconf 74' lang='lat' dir='ltr'>privatis</span> <span class='ocrx_word' id='word_1_99' title='bbox 1029 1599 1169 1671; x_wconf 67' lang='lat' dir='ltr'>pecimiis</span> 
     </span>
     <span class='ocr_line' id='line_1_14' title="bbox 165 1701 1170 1775; baseline 0.005 -19"><span class='ocrx_word' id='word_1_100' title='bbox 165 1718 219 1774; x_wconf 93' lang='lat' dir='ltr'>per</span> <span class='ocrx_word' id='word_1_101' title='bbox 253 1701 390 1774; x_wconf 76' lang='lat' dir='ltr'>epistulas</span> <span class='ocrx_word' id='word_1_102' title='bbox 422 1701 587 1775; x_wconf 62' lang='lat' dir='ltr'>impertiret,</span> <span class='ocrx_word' id='word_1_103' title='bbox 617 1701 685 1758; x_wconf 90' lang='lat' dir='ltr'>huic</span> <span class='ocrx_word' id='word_1_104' title='bbox 716 1707 778 1759; x_wconf 77' lang='lat' dir='ltr'>non</span> <span class='ocrx_word' id='word_1_105' title='bbox 809 1702 903 1759; x_wconf 77' lang='lat' dir='ltr'>solum</span> <span class='ocrx_word' id='word_1_106' title='bbox 936 1702 1077 1761; x_wconf 87' lang='lat' dir='ltr'>molestus</span> <span class='ocrx_word' id='word_1_107' title='bbox 1110 1709 1170 1761; x_wconf 77' lang='lat' dir='ltr'>non</span> 
     </span>
     <span class='ocr_line' id='line_1_15' title="bbox 165 1805 1168 1881; baseline 0.004 -19"><span class='ocrx_word' id='word_1_108' title='bbox 165 1805 261 1876; x_wconf 83' lang='lat' dir='ltr'>fuerit,</span> <span class='ocrx_word' id='word_1_109' title='bbox 284 1805 447 1863; x_wconf 89' lang='lat' dir='ltr'>sedetiam</span> <span class='ocrx_word' id='word_1_110' title='bbox 468 1807 575 1865; x_wconf 76' lang='lat' dir='ltr'>sororis</span> <span class='ocrx_word' id='word_1_111' title='bbox 596 1807 693 1864; x_wconf 86' lang='lat' dir='ltr'>filium</span> <span class='ocrx_word' id='word_1_112' title='bbox 716 1817 746 1864; x_wconf 92' lang='lat' dir='ltr'>et</span> <span class='ocrx_word' id='word_1_113' title='bbox 767 1807 805 1881; x_wconf 91' lang='lat' dir='ltr'>Q.</span> <span class='ocrx_word' id='word_1_114' title='bbox 823 1807 1002 1866; x_wconf 77' lang='lat' dir='ltr'>Ciceronem</span> <span class='ocrx_word' id='word_1_115' title='bbox 1024 1826 1061 1866; x_wconf 88' lang='lat' dir='ltr'>ex</span> <span class='ocrx_word' id='word_1_116' title='bbox 1083 1811 1168 1868; x_wconf 91' lang='lat' dir='ltr'>Pom-</span> 
     </span>
    </p>

    <p class='ocr_par' dir='ltr' id='par_1_7' title="bbox 116 1912 1169 2091">
     <span class='ocr_line' id='line_1_16' title="bbox 116 1912 1169 1991; baseline 0.005 -23"><span class='ocrx_word' id='word_1_117' title='bbox 116 1937 140 1984; x_wconf 82' lang='lat'>¹5</span> <span class='ocrx_word' id='word_1_118' title='bbox 165 1916 214 1986; x_wconf 73' lang='lat' dir='ltr'>pei</span> <span class='ocrx_word' id='word_1_119' title='bbox 242 1918 343 1969; x_wconf 89' lang='lat' dir='ltr'>castris</span> <span class='ocrx_word' id='word_1_120' title='bbox 371 1912 559 1970; x_wconf 85' lang='lat' dir='ltr'>concesserit.</span> <span class='ocrx_word' id='word_1_121' title='bbox 601 1913 648 1970; x_wconf 93' lang='lat' dir='ltr'>Sic</span> <span class='ocrx_word' id='word_1_122' title='bbox 676 1923 775 1970; x_wconf 88' lang='lat' dir='ltr'>vetere</span> <span class='ocrx_word' id='word_1_123' title='bbox 799 1913 932 1971; x_wconf 77' lang='lat' dir='ltr'>institirto</span> <span class='ocrx_word' id='word_1_124' title='bbox 959 1920 1036 1971; x_wconf 91' lang='lat' dir='ltr'>vitae</span> <span class='ocrx_word' id='word_1_125' title='bbox 1065 1916 1169 1991; x_wconf 80' lang='lat' dir='ltr'>effrigit</span> 
     </span>
     <span class='ocr_line' id='line_1_17' title="bbox 165 2017 400 2091; baseline -0.004 -18"><span class='ocrx_word' id='word_1_126' title='bbox 165 2035 241 2074; x_wconf 86' lang='lat' dir='ltr'>nova</span> <span class='ocrx_word' id='word_1_127' title='bbox 262 2017 400 2091; x_wconf 88' lang='lat' dir='ltr'>pericula.</span> 
     </span>
    </p>

    <p class='ocr_par' dir='ltr' id='par_1_8' title="bbox 164 2122 1169 2409">
     <span class='ocr_line' id='line_1_18' title="bbox 204 2122 1169 2184; baseline 0.006 -6"><span class='ocrx_word' id='word_1_128' title='bbox 204 2122 290 2179; x_wconf 92' lang='lat' dir='ltr'><strong>VIII.</strong></span> <span class='ocrx_word' id='word_1_129' title='bbox 328 2123 467 2180; x_wconf 80' lang='lat' dir='ltr'>Secirtum</span> <span class='ocrx_word' id='word_1_130' title='bbox 502 2132 547 2180; x_wconf 90' lang='lat' dir='ltr'>est</span> <span class='ocrx_word' id='word_1_131' title='bbox 578 2123 659 2181; x_wconf 90' lang='lat' dir='ltr'>illud.</span> <span class='ocrx_word' id='word_1_132' title='bbox 716 2125 825 2182; x_wconf 78' lang='lat' dir='ltr'>Occiso</span> <span class='ocrx_word' id='word_1_133' title='bbox 856 2125 984 2182; x_wconf 88' lang='lat' dir='ltr'>Caesare</span> <span class='ocrx_word' id='word_1_134' title='bbox 1019 2144 1089 2182; x_wconf 92' lang='lat' dir='ltr'>curn</span> <span class='ocrx_word' id='word_1_135' title='bbox 1124 2132 1169 2184; x_wconf 79' lang='lat' dir='ltr'>res</span> 
     </span>
     <span class='ocr_line' id='line_1_19' title="bbox 164 2227 1169 2302; baseline 0.004 -17"><span class='ocrx_word' id='word_1_136' title='bbox 164 2227 284 2300; x_wconf 79' lang='lat' dir='ltr'>pirblica</span> <span class='ocrx_word' id='word_1_137' title='bbox 312 2245 404 2302; x_wconf 89' lang='lat' dir='ltr'>penes</span> <span class='ocrx_word' id='word_1_138' title='bbox 432 2229 537 2284; x_wconf 76' lang='lat' dir='ltr'>Bnitos</span> <span class='ocrx_word' id='word_1_139' title='bbox 565 2228 714 2287; x_wconf 77' lang='lat' dir='ltr'>videretur</span> <span class='ocrx_word' id='word_1_140' title='bbox 742 2247 806 2287; x_wconf 90' lang='lat' dir='ltr'>esse</span> <span class='ocrx_word' id='word_1_141' title='bbox 831 2239 861 2287; x_wconf 90' lang='lat' dir='ltr'>et</span> <span class='ocrx_word' id='word_1_142' title='bbox 885 2230 1022 2288; x_wconf 90' lang='lat' dir='ltr'>Cassium</span> <span class='ocrx_word' id='word_1_143' title='bbox 1046 2249 1083 2287; x_wconf 92' lang='lat' dir='ltr'>ac</span> <span class='ocrx_word' id='word_1_144' title='bbox 1108 2237 1169 2289; x_wconf 79' lang='lat' dir='ltr'>tota</span> 
     </span>
     <span class='ocr_line' id='line_1_20' title="bbox 164 2331 1168 2409; baseline 0.006 -21"><span class='ocrx_word' id='word_1_145' title='bbox 164 2332 264 2390; x_wconf 76' lang='lat' dir='ltr'>civitas</span> <span class='ocrx_word' id='word_1_146' title='bbox 289 2337 321 2390; x_wconf 76' lang='lat' dir='ltr'>se</span> <span class='ocrx_word' id='word_1_147' title='bbox 346 2331 385 2389; x_wconf 89' lang='lat' dir='ltr'>ad</span> <span class='ocrx_word' id='word_1_148' title='bbox 413 2338 464 2390; x_wconf 80' lang='lat' dir='ltr'>eos</span> <span class='ocrx_word' id='word_1_149' title='bbox 489 2335 692 2406; x_wconf 89' lang='lat' dir='ltr'>convertisset,</span> <span class='ocrx_word' id='word_1_150' title='bbox 714 2341 756 2391; x_wconf 90' lang='lat' dir='ltr'>sic</span> <span class='ocrx_word' id='word_1_151' title='bbox 782 2336 825 2392; x_wconf 92' lang='lat' dir='ltr'>M.</span> <span class='ocrx_word' id='word_1_152' title='bbox 847 2337 939 2392; x_wconf 80' lang='lat' dir='ltr'>Bnito</span> <span class='ocrx_word' id='word_1_153' title='bbox 967 2340 1036 2393; x_wconf 77' lang='lat' dir='ltr'>fisus</span> <span class='ocrx_word' id='word_1_154' title='bbox 1061 2347 1116 2409; x_wconf 88' lang='lat' dir='ltr'>est,</span> <span class='ocrx_word' id='word_1_155' title='bbox 1136 2349 1168 2394; x_wconf 89' lang='lat' dir='ltr'>ut</span> 
     </span>
    </p>

    <p class='ocr_par' dir='ltr' id='par_1_9' title="bbox 114 2437 1169 2937">
     <span class='ocr_line' id='line_1_21' title="bbox 114 2437 1167 2514; baseline 0.009 -24"><span class='ocrx_word' id='word_1_156' title='bbox 114 2459 142 2491; x_wconf 81' lang='lat'>20</span> <span class='ocrx_word' id='word_1_157' title='bbox 164 2437 244 2494; x_wconf 77' lang='lat' dir='ltr'>millo</span> <span class='ocrx_word' id='word_1_158' title='bbox 269 2437 317 2495; x_wconf 89' lang='lat' dir='ltr'>ille</span> <span class='ocrx_word' id='word_1_159' title='bbox 342 2437 516 2496; x_wconf 53' lang='lat' dir='ltr'>adulescens</span> <span class='ocrx_word' id='word_1_160' title='bbox 543 2440 658 2512; x_wconf 76' lang='lat' dir='ltr'>aequali</span> <span class='ocrx_word' id='word_1_161' title='bbox 686 2440 854 2498; x_wconf 72' lang='lat' dir='ltr'>familiarius</span> <span class='ocrx_word' id='word_1_162' title='bbox 882 2452 971 2514; x_wconf 76' lang='lat' dir='ltr'>quani</span> <span class='ocrx_word' id='word_1_163' title='bbox 1000 2440 1059 2498; x_wconf 77' lang='lat' dir='ltr'>hoc</span> <span class='ocrx_word' id='word_1_164' title='bbox 1088 2461 1167 2514; x_wconf 92' lang='lat' dir='ltr'>sene,</span> 
     </span>
     <span class='ocr_line' id='line_1_22' title="bbox 164 2544 1168 2619; baseline 0.005 -19"><span class='ocrx_word' id='word_1_165' title='bbox 164 2559 261 2616; x_wconf 89' lang='lat' dir='ltr'>neque</span> <span class='ocrx_word' id='word_1_166' title='bbox 290 2544 385 2601; x_wconf 79' lang='lat' dir='ltr'>solum</span> <span class='ocrx_word' id='word_1_167' title='bbox 413 2561 480 2600; x_wconf 90' lang='lat' dir='ltr'>eum</span> <span class='ocrx_word' id='word_1_168' title='bbox 506 2544 672 2619; x_wconf 86' lang='lat' dir='ltr'>principem</span> <span class='ocrx_word' id='word_1_169' title='bbox 697 2545 812 2603; x_wconf 79' lang='lat' dir='ltr'>consilii</span> <span class='ocrx_word' id='word_1_170' title='bbox 839 2544 971 2618; x_wconf 74' lang='lat' dir='ltr'>haberet,</span> <span class='ocrx_word' id='word_1_171' title='bbox 996 2547 1051 2605; x_wconf 92' lang='lat' dir='ltr'>sed</span> <span class='ocrx_word' id='word_1_172' title='bbox 1080 2549 1168 2605; x_wconf 89' lang='lat' dir='ltr'>etiam</span> 
     </span>
     <span class='ocr_line' id='line_1_23' title="bbox 164 2647 1167 2728; baseline 0.006 -23"><span class='ocrx_word' id='word_1_173' title='bbox 164 2647 194 2705; x_wconf 93' lang='lat' dir='ltr'>in</span> <span class='ocrx_word' id='word_1_174' title='bbox 222 2654 367 2706; x_wconf 80' lang='lat' dir='ltr'>convictir.</span> <span class='ocrx_word' id='word_1_175' title='bbox 410 2650 618 2724; x_wconf 56' lang='lat' dir='ltr'>Excogitatum</span> <span class='ocrx_word' id='word_1_176' title='bbox 644 2660 688 2707; x_wconf 87' lang='lat' dir='ltr'>est</span> <span class='ocrx_word' id='word_1_177' title='bbox 712 2650 940 2725; x_wconf 67' lang='lat' dir='ltr'>{quibusdam</span> <span class='ocrx_word' id='word_1_178' title='bbox 964 2662 997 2710; x_wconf 88' lang='lat' dir='ltr'>ut</span> <span class='ocrx_word' id='word_1_179' title='bbox 1022 2659 1167 2728; x_wconf 73' lang='lat' dir='ltr'>privatum</span> 
     </span>
     <span class='ocr_line' id='line_1_24' title="bbox 163 2753 1168 2830; baseline 0.009 -21"><span class='ocrx_word' id='word_1_180' title='bbox 163 2753 306 2810; x_wconf 71' lang='lat' dir='ltr'>aerarium</span> <span class='ocrx_word' id='word_1_181' title='bbox 339 2754 472 2812; x_wconf 86' lang='lat' dir='ltr'>Caesaris</span> <span class='ocrx_word' id='word_1_182' title='bbox 504 2754 740 2812; x_wconf 78' lang='lat' dir='ltr'>interfectoribus</span> <span class='ocrx_word' id='word_1_183' title='bbox 772 2756 810 2814; x_wconf 87' lang='lat' dir='ltr'>ab</span> <span class='ocrx_word' id='word_1_184' title='bbox 841 2756 989 2830; x_wconf 90' lang='lat' dir='ltr'>equitibus</span> <span class='ocrx_word' id='word_1_185' title='bbox 1025 2760 1168 2818; x_wconf 74' lang='lat' dir='ltr'>Romanis</span> 
     </span>
     <span class='ocr_line' id='line_1_25' title="bbox 163 2858 1169 2937; baseline 0.008 -22"><span class='ocrx_word' id='word_1_186' title='bbox 163 2858 399 2916; x_wconf 75' lang='lat' dir='ltr'>constitueretur.</span> <span class='ocrx_word' id='word_1_187' title='bbox 456 2859 492 2917; x_wconf 93' lang='lat' dir='ltr'>Id</span> <span class='ocrx_word' id='word_1_188' title='bbox 527 2860 613 2918; x_wconf 79' lang='lat' dir='ltr'>facile</span> <span class='ocrx_word' id='word_1_189' title='bbox 648 2860 726 2918; x_wconf 86' lang='lat' dir='ltr'>effici</span> <span class='ocrx_word' id='word_1_190' title='bbox 760 2878 847 2935; x_wconf 90' lang='lat' dir='ltr'>posse</span> <span class='ocrx_word' id='word_1_191' title='bbox 878 2862 1008 2920; x_wconf 74' lang='lat' dir='ltr'>arbitrati</span> <span class='ocrx_word' id='word_1_192' title='bbox 1039 2876 1117 2937; x_wconf 84' lang='lat' dir='ltr'>sunt,</span> <span class='ocrx_word' id='word_1_193' title='bbox 1145 2871 1169 2923; x_wconf 88' lang='lat' dir='ltr'>si</span> 
     </span>
    </p>

    <p class='ocr_par' dir='ltr' id='par_1_10' title="bbox 112 2963 1168 3248">
     <span class='ocr_line' id='line_1_26' title="bbox 112 2963 1167 3045; baseline 0.005 -22"><span class='ocrx_word' id='word_1_194' title='bbox 112 2991 139 3039; x_wconf 81' lang='lat'>25</span> <span class='ocrx_word' id='word_1_195' title='bbox 163 2963 311 3038; x_wconf 72' lang='lat' dir='ltr'>principes</span> <span class='ocrx_word' id='word_1_196' title='bbox 339 2964 401 3021; x_wconf 71' lang='lat' dir='ltr'>eius</span> <span class='ocrx_word' id='word_1_197' title='bbox 429 2963 540 3023; x_wconf 77' lang='lat' dir='ltr'>ordinis</span> <span class='ocrx_word' id='word_1_198' title='bbox 568 2965 709 3040; x_wconf 72' lang='lat' dir='ltr'>pectiniais</span> <span class='ocrx_word' id='word_1_199' title='bbox 737 2965 938 3024; x_wconf 88' lang='lat' dir='ltr'>contulissent.</span> <span class='ocrx_word' id='word_1_200' title='bbox 983 2968 1089 3043; x_wconf 89' lang='lat' dir='ltr'>Itaque</span> <span class='ocrx_word' id='word_1_201' title='bbox 1117 2989 1167 3045; x_wconf 83' lang='lat' dir='ltr'>ap</span> 
     </span>
     <span class='ocr_line' id='line_1_27' title="bbox 163 3070 1168 3146; baseline 0.008 -20"><span class='ocrx_word' id='word_1_202' title='bbox 163 3070 288 3144; x_wconf 74' lang='lat' dir='ltr'>pellatus</span> <span class='ocrx_word' id='word_1_203' title='bbox 312 3079 357 3127; x_wconf 88' lang='lat' dir='ltr'>est</span> <span class='ocrx_word' id='word_1_204' title='bbox 380 3076 399 3127; x_wconf 74' lang='lat' dir='ltr'>a</span> <span class='ocrx_word' id='word_1_205' title='bbox 422 3070 458 3128; x_wconf 88' lang='lat' dir='ltr'>C.</span> <span class='ocrx_word' id='word_1_206' title='bbox 482 3071 593 3142; x_wconf 73' lang='lat' dir='ltr'>Flavio,</span> <span class='ocrx_word' id='word_1_207' title='bbox 619 3072 700 3128; x_wconf 79' lang='lat' dir='ltr'>Bniti</span> <span class='ocrx_word' id='word_1_208' title='bbox 727 3071 870 3143; x_wconf 75' lang='lat' dir='ltr'>familiari,</span> <span class='ocrx_word' id='word_1_209' title='bbox 894 3072 1020 3146; x_wconf 85' lang='lat' dir='ltr'>Atticus,</span> <span class='ocrx_word' id='word_1_210' title='bbox 1045 3086 1079 3133; x_wconf 88' lang='lat' dir='ltr'>ut</span> <span class='ocrx_word' id='word_1_211' title='bbox 1106 3077 1168 3134; x_wconf 74' lang='lat' dir='ltr'>eius</span> 
     </span>
     <span class='ocr_line' id='line_1_28' title="bbox 163 3175 568 3248; baseline -0.002 -17"><span class='ocrx_word' id='word_1_212' title='bbox 163 3180 205 3231; x_wconf 89' lang='lat' dir='ltr'>rei</span> <span class='ocrx_word' id='word_1_213' title='bbox 225 3179 363 3248; x_wconf 88' lang='lat' dir='ltr'>princeps</span> <span class='ocrx_word' id='word_1_214' title='bbox 384 3192 449 3233; x_wconf 90' lang='lat' dir='ltr'>esse</span> <span class='ocrx_word' id='word_1_215' title='bbox 470 3175 568 3232; x_wconf 90' lang='lat' dir='ltr'>vellet.</span> 
     </span>
    </p>

    <p class='ocr_par' dir='ltr' id='par_1_11' title="bbox 162 3278 1168 3463">
     <span class='ocr_line' id='line_1_29' title="bbox 202 3278 1168 3356; baseline 0.01 -22"><span class='ocrx_word' id='word_1_216' title='bbox 202 3280 241 3335; x_wconf 91' lang='lat' dir='ltr'>At</span> <span class='ocrx_word' id='word_1_217' title='bbox 275 3278 332 3351; x_wconf 89' lang='lat' dir='ltr'>ille,</span> <span class='ocrx_word' id='word_1_218' title='bbox 361 3285 412 3353; x_wconf 88' lang='lat' dir='ltr'>qui</span> <span class='ocrx_word' id='word_1_219' title='bbox 450 3279 548 3337; x_wconf 88' lang='lat' dir='ltr'>officia</span> <span class='ocrx_word' id='word_1_220' title='bbox 583 3287 685 3339; x_wconf 89' lang='lat' dir='ltr'>amicis</span> <span class='ocrx_word' id='word_1_221' title='bbox 722 3282 899 3356; x_wconf 89' lang='lat' dir='ltr'>praestanda</span> <span class='ocrx_word' id='word_1_222' title='bbox 937 3283 1000 3342; x_wconf 91' lang='lat' dir='ltr'>sine</span> <span class='ocrx_word' id='word_1_223' title='bbox 1039 3284 1168 3345; x_wconf 76' lang='lat' dir='ltr'>factione</span> 
     </span>
     <span class='ocr_line' id='line_1_30' title="bbox 162 3383 1168 3463; baseline 0.011 -24"><span class='ocrx_word' id='word_1_224' title='bbox 162 3383 343 3441; x_wconf 53' lang='lat' dir='ltr'>existimaret</span> <span class='ocrx_word' id='word_1_225' title='bbox 372 3403 549 3460; x_wconf 89' lang='lat' dir='ltr'>semperque</span> <span class='ocrx_word' id='word_1_226' title='bbox 582 3393 600 3444; x_wconf 76' lang='lat' dir='ltr'>a</span> <span class='ocrx_word' id='word_1_227' title='bbox 632 3388 738 3446; x_wconf 76' lang='lat' dir='ltr'>trilibus</span> <span class='ocrx_word' id='word_1_228' title='bbox 768 3393 800 3447; x_wconf 74' lang='grc' dir='ltr'>εδ</span> <span class='ocrx_word' id='word_1_229' title='bbox 828 3389 956 3447; x_wconf 78' lang='lat' dir='ltr'>consiliis</span> <span class='ocrx_word' id='word_1_230' title='bbox 984 3392 1168 3463; x_wconf 74' lang='lat' dir='ltr'>removisset,</span> 
     </span>
    </p>

    <p class='ocr_par' dir='ltr' id='par_1_12' title="bbox 113 3488 1168 3787">
     <span class='ocr_line' id='line_1_31' title="bbox 113 3488 1166 3565; baseline 0.006 -16"><span class='ocrx_word' id='word_1_231' title='bbox 113 3518 140 3563; x_wconf 81' lang='lat'>30</span> <span class='ocrx_word' id='word_1_232' title='bbox 163 3488 333 3563; x_wconf 89' lang='lat' dir='ltr'>respondit:</span> <span class='ocrx_word' id='word_1_233' title='bbox 366 3496 391 3547; x_wconf 92' lang='lat' dir='ltr'>si</span> <span class='ocrx_word' id='word_1_234' title='bbox 415 3491 487 3565; x_wconf 89' lang='lat' dir='ltr'>quid</span> <span class='ocrx_word' id='word_1_235' title='bbox 515 3492 620 3550; x_wconf 84' lang='lat' dir='ltr'>Bn’rtus</span> <span class='ocrx_word' id='word_1_236' title='bbox 648 3492 687 3550; x_wconf 72' lang='lat' dir='ltr'>de</span> <span class='ocrx_word' id='word_1_237' title='bbox 715 3499 773 3551; x_wconf 91' lang='lat' dir='ltr'>suis</span> <span class='ocrx_word' id='word_1_238' title='bbox 801 3494 986 3553; x_wconf 72' lang='lat' dir='ltr'>facultatibus</span> <span class='ocrx_word' id='word_1_239' title='bbox 1015 3501 1058 3554; x_wconf 76' lang='lat' dir='ltr'>riti</span> <span class='ocrx_word' id='word_1_240' title='bbox 1085 3498 1166 3555; x_wconf 89' lang='lat' dir='ltr'>volu-</span> 
     </span>
     <span class='ocr_line' id='line_1_32' title="bbox 162 3594 1168 3677; baseline 0.011 -26"><span class='ocrx_word' id='word_1_241' title='bbox 162 3594 242 3663; x_wconf 85' lang='lat' dir='ltr'>isset,</span> <span class='ocrx_word' id='word_1_242' title='bbox 270 3599 399 3667; x_wconf 79' lang='lat' dir='ltr'>irsirrum,</span> <span class='ocrx_word' id='word_1_243' title='bbox 430 3607 573 3670; x_wconf 89' lang='lat' dir='ltr'>quantum</span> <span class='ocrx_word' id='word_1_244' title='bbox 605 3617 658 3656; x_wconf 89' lang='lat' dir='ltr'>eae</span> <span class='ocrx_word' id='word_1_245' title='bbox 690 3610 870 3674; x_wconf 86' lang='lat' dir='ltr'>paterentur,</span> <span class='ocrx_word' id='word_1_246' title='bbox 902 3605 934 3658; x_wconf 73' lang='grc' dir='ltr'>εδ</span> <span class='ocrx_word' id='word_1_247' title='bbox 968 3620 1067 3677; x_wconf 89' lang='lat' dir='ltr'>neque</span> <span class='ocrx_word' id='word_1_248' title='bbox 1098 3623 1168 3662; x_wconf 89' lang='lat' dir='ltr'>cum</span> 
     </span>
     <span class='ocr_line' id='line_1_33' title="bbox 162 3698 1168 3787; baseline 0.014 -31"><span class='ocrx_word' id='word_1_249' title='bbox 162 3704 313 3776; x_wconf 79' lang='lat' dir='ltr'>quoquam</span> <span class='ocrx_word' id='word_1_250' title='bbox 342 3698 380 3761; x_wconf 71' lang='lat' dir='ltr'>de</span> <span class='ocrx_word' id='word_1_251' title='bbox 408 3707 444 3760; x_wconf 77' lang='lat' dir='ltr'>ea</span> <span class='ocrx_word' id='word_1_252' title='bbox 470 3706 502 3764; x_wconf 72' lang='lat' dir='ltr'>re</span> <span class='ocrx_word' id='word_1_253' title='bbox 530 3704 755 3769; x_wconf 74' lang='lat' dir='ltr'>conlocfitfirum</span> <span class='ocrx_word' id='word_1_254' title='bbox 783 3723 881 3787; x_wconf 88' lang='lat' dir='ltr'>neque</span> <span class='ocrx_word' id='word_1_255' title='bbox 908 3706 1065 3771; x_wconf 78' lang='lat' dir='ltr'>coitirrum.</span> <span class='ocrx_word' id='word_1_256' title='bbox 1121 3711 1168 3774; x_wconf 72' lang='lat' dir='ltr'>Sic</span> 
     </span>
    </p>
   </div>
   <div class='ocr_carea' id='block_1_5' title="bbox 0 0 1292 4146">
    <p class='ocr_par' dir='ltr' id='par_1_13' title="bbox 0 0 1292 4146">
     <span class='ocr_line' id='line_1_34' title="bbox 0 0 1292 4146; baseline 0 0"><span class='ocrx_word' id='word_1_257' title='bbox 0 0 1292 4146; x_wconf 95' lang='lat' dir='ltr'> </span> 
     </span>
    </p>
   </div>
  </div>
 </body>
</html>
