2574 4146
55 289 104 335 111,
116 275 167 340 ru]
496 271 684 321 LYSANDER
1074 283 1114 347 ²7

55 451 191 507 lectores.
246 449 351 504 lactor
381 464 418 503 ex
449 446 518 503 Asia
547 464 616 503 cum
648 452 841 505 reverteretur
872 449 1063 525 Thasumque

55 555 239 625 devertisset,
269 552 351 627 quod
381 571 417 610 ea
447 553 548 610 civitas
578 553 739 628 praecipua
773 553 833 612 lide
866 556 960 613 suerat
994 564 1064 632 erga

54 661 262 731 Athenienses,
284 659 409 735 proinde
435 677 470 715 ac
495 665 519 716 si
542 665 603 717 nen
628 658 719 717 iidem
748 660 910 718 firmissimi
935 663 1063 722 solerent

55 786 120 825 esse
141 773 238 837 amici,
260 772 310 840 qui
331 770 500 823 canstantes
522 765 643 823 fuissent
664 766 784 836 inimici,
807 777 974 840 pervertere
995 787 1061 826 eam

54 873 233 948 concupivit.
276 872 358 930 Vidit
385 883 495 942 autem,
520 872 576 928 nisi
604 872 635 928 in
660 877 697 929 ee
725 872 903 931 occultasset
930 874 1061 933 volunta·
1086 900 1096 946 5

54 991 126 1051 tem,
149 980 279 1036 futurum
303 988 335 1034 ut
358 977 458 1035 Thasii
483 976 683 1036 dilaberentur
706 979 953 1055 censulerentque
975 982 1061 1040 rebus

54 1092 122 1144 suis.
146 1130 153 1143 .
178 1130 215 1142 ..

96 1193 156 1249 111.
187 1193 291 1265 Itaque
320 1191 340 1246 ii
367 1188 594 1247 decemviralem
626 1195 804 1265 potestatem
836 1192 874 1249 ab
906 1192 956 1249 illo
990 1198 1060 1250 cen—

54 1299 188 1356 stitt‘rtam
216 1297 402 1354 sustulerunt.
454 1297 522 1370 Qua
551 1294 655 1353 dolere
685 1296 820 1354 incensus
848 1298 912 1355 iniit
940 1299 1061 1356 consilia

53 1409 140 1480 reges
162 1402 469 1462 Lacedaemoniorum
492 1402 603 1459 tollere.
646 1401 706 1460 Sed
727 1403 873 1460 sentiebat
893 1403 924 1460 id
946 1409 977 1462 se
998 1405 1061 1462 sine
1086 1437 1112 1466 10

53 1529 114 1587 ope
136 1510 263 1568 dearum
284 1510 383 1567 facere
404 1513 465 1566 nen
485 1526 583 1583 posse,
606 1506 688 1582 quod
714 1507 942 1567 Lacedaemonii
963 1511 1063 1568 omnia

54 1618 94 1677 ad
109 1618 229 1675 eracula
249 1616 357 1674 referre
380 1618 566 1673 censuerant.

96 1725 228 1781 Primum
253 1721 434 1797 Delphicum
462 1737 651 1795 corrumpere
680 1729 724 1778 est
751 1726 883 1778 cenatus.
927 1722 1003 1780 Cum
1033 1695 1087 1780 id'

53 1834 117 1887 nen
144 1828 299 1903 potuisset,
328 1826 527 1885 Dedenaeum
560 1824 681 1884 adortus
717 1836 770 1883 est.
827 1827 909 1883 Hinc
944 1845 1062 1902 quoque

54 1934 189 2010 repulsus
218 1933 292 1992 dixit
319 1938 352 1991 se
382 1937 453 1990 veta
487 1931 659 2006 suscepisse,
687 1949 764 2005 quae
800 1932 864 1989 Iovi
900 1934 1064 1990 Hammeni
1088 1954 1112 2000 15

54 2041 192 2111 solveret,
223 2039 392 2097 existimans
420 2043 452 2096 se
480 2025 565 2096 altres
593 2036 705 2095 facilius
731 2043 948 2112 corruptarum.
995 2039 1063 2096 Hac

54 2152 111 2223 spe
137 2165 208 2205 cum
236 2145 386 2221 profectus
414 2154 492 2202 esset
524 2144 555 2201 in
582 2130 720 2215 africam,
742 2144 867 2201 multum
893 2163 960 2202 eum
989 2144 1062 2202 anti·

54 2253 137 2311 stites
166 2251 246 2310 Iovis
274 2251 458 2323 fefellerunt3
493 2256 563 2306 nam
594 2255 655 2307 nen
690 2249 785 2306 selum
819 2256 968 2323 corrumpi
1001 2255 1063 2308 nan

53 2362 226 2433 potuerunt,
256 2355 309 2414 sed
344 2356 434 2414 etiam
470 2355 582 2430 legates
619 2353 877 2413 Lacedaemonem
912 2360 1063 2424 miseruut,

53 2470 107 2538 qui
141 2462 328 2536 Lysandrum
362 2467 543 2533 accusarent,
571 2459 654 2535 quod
688 2459 858 2519 sacerdetes
896 2461 962 2518 fani
999 2479 1061 2519 cor·
1087 2485 1115 2516 ιο
1180 2506 1183 2511 .

53 2587 194 2645 rumpere
218 2573 342 2627 cenatus
366 2577 454 2626 esset.
495 2570 657 2625 Accusatus
685 2567 744 2624 hec
772 2567 893 2624 crimine
918 2566 1062 2624 iirdicum-

54 2693 114 2750 que
156 2675 308 2734 absolatus
347 2673 507 2744 sententiis,
545 2672 751 2731 Orchomeniis
791 2679 894 2730 missus
932 2671 1063 2730 subsidia

54 2788 172 2840 occisus
197 2790 243 2839 est
268 2786 285 2838 a
307 2781 457 2839 Thebanis
482 2779 562 2854 apud
589 2779 765 2837 Haliartum.
808 2779 905 2852 Quam
931 2784 999 2837 vere
1025 2778 1063 2836 de

54 2893 93 2946 ee
121 2905 209 2945 secus
236 2886 312 2944 foret
339 2885 511 2957 iadicatum,
540 2886 633 2944 eratie
662 2884 773 2943 indicia
801 2885 863 2956 fuit,
892 2902 968 2958 quae
996 2895 1064 2959 post

55 3003 186 3051 mortem
214 2992 246 3049 in
273 2992 365 3050 dome
392 2991 454 3049 eius
482 3000 598 3065 reperta
626 3001 678 3061 est,
707 2990 737 3046 in
762 2995 821 3064 qua
845 2989 948 3047 suadet
972 2991 1063 3046 Lace·
1087 3016 1112 3062 ²5

55 3097 232 3169 daemoniis,
261 3107 293 3155 ut
321 3097 401 3172 regia
428 3101 574 3171 potestate
603 3094 744 3155 dissolata
772 3114 809 3153 ex
836 3095 973 3153 omnibus
1003 3094 1064 3152 dux

56 3204 202 3280 deligatur
229 3202 268 3261 ad
296 3202 406 3261 bellum
434 3201 607 3277 gerendum,
630 3200 683 3259 sed
708 3206 750 3258 sic
775 3207 893 3275 scripta,
915 3211 948 3258 ut
966 3199 1063 3279 vdeirm

55 3310 208 3368 videretur
235 3326 398 3384 congruere
426 3307 599 3379 sententiae,
628 3325 718 3381 quam
746 3306 796 3364 ille
830 3310 862 3364 se
896 3305 1063 3364 habitarum

55 3415 185 3491 pecania
212 3414 313 3472 fidens
341 3419 402 3472 nen
429 3401 585 3472 dubitarat.
628 3413 717 3470 Hane
743 3418 770 3469 ei
794 3411 943 3486 scripsisse
969 3411 1064 3470 Clean

58 3521 280 3579 Halicarnasius
301 3519 417 3578 dicitur.
1087 3547 1115 3591 30

99 3628 153 3685 IV.
181 3629 280 3701 Atque
311 3625 369 3683 hec
399 3626 467 3683 loce
494 3629 555 3683 nen
590 3633 635 3682 est
670 3622 918 3699 praetereundum
953 3622 1064 3679 sactum

57 3732 249 3805 Pharnabazi,
264 3730 389 3808 satrapis
409 3730 489 3807 regii.
532 3729 611 3787 Nam
633 3747 701 3787 cum
724 3726 876 3803 Lysander
897 3727 1064 3802 praefectus
