2574 4146
55 167 106 212 111.‚
121 154 174 217 1v.]
517 151 676 201 PHOCION
1075 155 1119 222 97

55 333 120 385 nen
144 327 242 384 selum
271 326 301 384 in
326 327 464 402 periculis
488 332 550 384 nen
574 325 719 398 defendit,
740 326 793 384 sed
814 326 906 383 etiam·
926 325 1067 400 prodidit.

56 431 203 492 Concidit
230 443 331 491 autem
360 433 488 491 maixime
516 437 576 491 tine
605 432 738 503 crimine,
766 431 857 506 quod,
887 450 955 488 cum
987 433 1067 506 apud

56 557 128 596 eum
149 557 299 596 summum
320 548 398 595 esset
419 538 576 613 imperium
598 538 700 612 populi
724 538 803 596 irissir
824 546 853 594 et
877 538 1065 608 Nicenorem

57 644 220 705 Cassandri
247 644 441 719 praefectum,
469 642 600 702 insidieri
629 645 731 700 Piraeo
759 649 777 700 a
805 644 934 718 Dercyle
965 648 1066 701 mone-

55 757 139 809 retur
166 749 308 824 idemque
336 750 498 824 postuliret
523 759 555 806 ut
583 748 753 824 previderet
786 753 824 807 ne
853 750 1067 807 commeatibus
1091 774 1101 818 5

56 857 162 915 civitais
187 861 359 931 priveretur,
385 855 452 912 huic
481 855 620 913 audiente
648 856 760 930 populo
789 855 923 913 Phecien
951 857 1067 930 negaivit

57 980 124 1020 esse
149 962 313 1037 periculum
338 966 428 1036 seque
454 962 517 1019 eius
538 967 581 1019 rei
601 960 737 1020 obsidem
759 961 822 1019 fore
843 961 991 1036 pollicitus
1012 971 1065 1019 est.
1126 982 1129 987 ·

57 1068 169 1143 Neque
198 1068 239 1125 ita
267 1067 360 1124 multe
389 1077 457 1142 post
486 1068 618 1125 Nicaner
646 1069 749 1125 Piraee
777 1077 821 1125 est
848 1073 969 1142 potitus.
1018 1065 1065 1124 Ad

56 1192 150 1249 quem
178 1173 414 1249 recuperandum
443 1192 512 1231 curn
541 1174 668 1249 populus
700 1180 828 1232 armetus
860 1173 1065 1245 concurrisset,

56 1279 106 1337 ille
131 1285 192 1337 nen
219 1278 312 1337 modo
336 1280 486 1337 neminem
508 1278 547 1337 ad
568 1298 649 1337 arma
669 1280 794 1352 vocevit,
816 1279 927 1337 sedne
949 1285 1066 1336 armetis
1090 1307 1116 1338 ιο

56 1384 183 1460 quidem
203 1403 339 1460 praeesse
359 1385 460 1443 voluit.

100 1493 161 1550 III.
190 1493 284 1549 Erant
305 1497 342 1549 ef>
363 1501 498 1566 tempore
518 1491 640 1550 Athenis
666 1492 743 1550 duae
767 1492 920 1562 facticines,
941 1497 1065 1565 querum

56 1604 117 1656 rina
134 1598 238 1672 populi
255 1615 375 1655 causam
392 1598 508 1672 agebat,
523 1598 615 1655 altera
634 1588 830 1673 optimatium.
872 1599 909 1656 In
928 1597 983 1654 haic
1002 1608 1065 1655 erat

58 1702 194 1761 Phocion
218 1712 249 1760 et
274 1702 443 1761 Demetrius
466 1702 632 1761 Phalereus
676 1705 792 1761 Herum
817 1714 940 1779 utraque
963 1708 1063 1764 Mace-

57 1807 171 1867 donum
194 1808 365 1884 patreciniis
386 1807 541 1881 ritebaitur;
568 1828 637 1866 nam
659 1810 815 1884 populeres
837 1811 1065 1886 Polyperchonti
1089 1832 1113 1879 15

57 1914 207 1987 favebant,
236 1914 394 1988 optimaites
422 1932 491 1971 cum
519 1913 686 1973 Cassandri)
714 1916 890 1973 sentiebant.
941 1919 1064 1976 Interim

57 2027 76 2080 Ξ
100 2021 338 2097 Polyperchonte
361 2019 542 2079 Cassandrus
568 2019 748 2080 Macedonie
772 2022 871 2097 pulsus
899 2033 953 2082 est.
996 2026 1064 2098 Quo

56 2127 138 2185 facte
172 2127 301 2202 populus
332 2127 464 2202 superior
496 2128 589 2185 sactus
621 2127 721 2185 statim
755 2127 847 2186 duces
882 2129 1064 2188 adversariae

56 2232 196 2290 factionis
220 2231 326 2306 capitis
351 2231 508 2290 damnites
534 2233 629 2308 patrie
652 2233 791 2308 propulit,
816 2234 846 2290 in
872 2241 912 2292 eis
938 2235 1063 2294 Phocis)-

55 2356 128 2396 nem
156 2347 187 2396 et
215 2338 402 2397 Demetrium
431 2338 614 2409 Phalereum,
639 2338 737 2412 deque
765 2345 801 2396 ee
828 2344 859 2396 re
887 2339 997 2414 legetes
1025 2341 1064 2400 ad
1087 2365 1115 2396 ιο

56 2443 328 2520 Polyperchontem
350 2444 436 2515 misit,
458 2450 509 2518 qui
529 2445 568 2503 ab
588 2449 626 2502 ee
651 2454 786 2519 peterent
810 2455 843 2502 ut
867 2462 920 2502 sua
943 2444 1065 2505 decreta

55 2550 265 2608 cenlirmeret.
315 2551 386 2608 Hire
414 2549 523 2608 eedem
551 2549 701 2624 profectus
729 2560 774 2607 est
802 2550 944 2609 Phecien.
995 2552 1064 2625 Que

54 2664 89 2712 ut
115 2655 207 2727 venit,
229 2673 349 2713 causam
377 2655 458 2730 apud
487 2655 657 2731 Philippum
685 2661 786 2731 regem
813 2656 915 2728 verbe,
940 2661 972 2715 re
1000 2657 1065 2732 ipse

54 2760 180 2836 quidem
202 2760 283 2836 apud
308 2760 575 2837 Polyperchontem
600 2763 693 2820 iussus
719 2771 763 2818 est
787 2761 886 2818 dicere
898 2782 906 2834 3
935 2781 1063 2838 namque

54 2868 80 2926 is
104 2877 169 2924 turn
191 2866 267 2941 regis
289 2867 376 2924 rebus
396 2877 540 2942 praeerat.
584 2868 645 2924 Hic
675 2866 714 2925 ab
743 2869 868 2941 Agmine
901 2874 1064 2941 accrisaitus,
1087 2896 1113 2942 ²5

54 2971 138 3048 quod
168 2973 305 3030 Piraeum
334 2972 476 3030 Nicanori
504 2970 690 3047 predidisset‚
713 2989 750 3028 ex
778 2971 891 3029 censilii
918 2974 1065 3031 sententie

54 3081 86 3137 in
110 3077 281 3138 custediam
305 3077 458 3136 coniectus
482 3078 614 3135 Athenis
643 3076 789 3135 deductus
818 3087 871 3149 est,
896 3087 928 3135 ut
956 3078 997 3136 ibi
1025 3078 1064 3138 de

54 3191 92 3243 ee
114 3184 230 3261 legibus
251 3184 336 3243 fieret
357 3184 509 3243 iudicium.

97 3292 150 3349 lV.
180 3292 252 3350 Hric
273 3299 306 3348 ut
326 3300 500 3366 perventum
523 3301 575 3362 est,
596 3308 665 3348 curn
687 3299 809 3365 propter
829 3295 958 3348 aetetem
979 3289 1063 3365 pedi-

54 3396 111 3456 bus
135 3397 195 3455 iam
220 3401 282 3455 nen
306 3396 418 3455 valeret
442 3396 638 3470 vehiculeque
667 3399 839 3470 porteretur,
866 3402 964 3471 maigni
992 3415 1062 3454 con·
1086 3422 1114 3467 30

54 3507 158 3561 cursis
182 3511 251 3561 sunt
279 3502 358 3574 sacti,
383 3520 451 3559 cum
480 3501 537 3573 alii,
566 3501 788 3558 reminiscentes
816 3502 923 3559 veteris
952 3501 1062 3573 firmae,

55 3608 161 3667 aetitis
182 3608 401 3680 misererentur,
416 3607 533 3683 pliuimi
554 3611 624 3670 vere
645 3612 688 3670 ire
709 3616 921 3670 exacuerentur
942 3616 1064 3688 propter
