2574 4146
160 251 200 328 58
450 260 620 310 corenam
644 259 791 308 NEPOTls
814 259 921 307 mma
1101 259 1218 324 [111.,1v.

208 438 258 490 oni
293 443 361 490 ante
395 433 427 490 id
461 443 579 507 tempus
613 432 745 507 contigit,
781 442 822 504 nt,
858 451 927 490 cum
969 439 1045 507 patri
1085 434 1219 510 populus

208 549 335 596 statuam
363 539 517 613 posuisset,
547 538 613 596 silio
642 556 760 613 qnoque
789 538 884 606 daret.
933 540 980 597 Sic
1008 539 1089 597 ioxto
1117 541 1219 615 posita

208 651 312 703 recons
334 645 391 702 filii
411 655 541 703 veterem
563 645 653 719 patris
675 645 824 703 renovavit
847 646 1029 703 memoriam.

249 753 308 809 III.
338 753 400 809 Hic
425 769 494 808 cnm
519 761 595 809 esset
620 756 728 826 magno
753 756 823 808 noto
848 760 878 808 et
903 752 1088 826 magistrotos
1111 771 1218 828 gerere

172 883 182 930 ς
207 857 341 930 dosisset,
369 858 448 916 bello
480 859 675 915 Athonienses
710 857 842 931 undique
878 865 972 932 premi
1003 869 1070 916 sunt
1102 867 1217 935 coepti.

208 963 374 1022 Defecerat
404 965 515 1034 Samus
544 962 691 1020 descierat
721 964 942 1037 HellospontuS,
972 964 1125 1038 Philippus
1154 965 1216 1023 iam

208 1079 270 1127 turn
294 1071 394 1128 valens
418 1070 508 1127 multa
532 1069 726 1142 moliobotu13
759 1075 807 1127 cui
831 1070 985 1144 oppositus
1010 1071 1122 1129 Charos
1143 1089 1216 1129 cum

208 1186 295 1248 esset,
322 1182 383 1234 non
412 1177 481 1233 satis
509 1175 539 1232 in
567 1180 604 1233 eo
633 1174 771 1249 praesidii
798 1177 964 1249 putabatur.
1016 1177 1063 1233 Fit
1092 1178 1215 1235 Menes-

208 1283 293 1340 theus
318 1292 445 1357 praetor,
470 1282 551 1339 filius
576 1268 741 1356 iphicratiS,
766 1299 859 1356 gener
880 1281 1039 1352 Timothei,
1062 1292 1092 1339 et
1116 1292 1149 1340 ut
1176 1283 1216 1340 ad

160 1406 185 1436 10
207 1388 317 1446 bellum
338 1389 539 1463 proficiscatur
559 1386 735 1444 docemitur.
779 1387 860 1444 Huic
880 1387 910 1444 in
930 1387 1084 1445 consilium
1105 1387 1217 1446 dantur

207 1494 260 1550 viri
280 1494 341 1551 duo
361 1498 416 1551 oso
437 1493 639 1567 sapientiaque
661 1497 851 1566 praestantes,
867 1502 951 1566 pater
972 1503 1002 1549 et
1021 1511 1115 1565 socer,
1129 1495 1216 1567 quod

208 1599 238 1655 in
262 1600 306 1656 his
331 1609 412 1656 tanta
435 1608 497 1656 erat
520 1597 686 1669 anctoritos,
708 1607 741 1655 ut
766 1603 872 1672 magna
893 1601 960 1671 spos
982 1608 1059 1656 esset
1082 1617 1136 1673 per
1161 1605 1215 1657 eos

207 1710 314 1762 omissa
337 1722 425 1779 posse
450 1709 623 1778 recuperori.
666 1705 692 1760 Ii
715 1721 783 1759 cum
812 1704 931 1761 Samum
960 1703 1085 1777 profecti
1113 1715 1215 1763 essent

208 1819 237 1866 et
259 1810 367 1868 eodem
389 1810 500 1868 Charos
521 1809 635 1866 illomm
658 1808 787 1866 advento
808 1809 929 1883 cognito
949 1827 1017 1865 cum
1040 1815 1098 1866 suis
1117 1811 1214 1884 copiis

159 1936 183 1982 ¹5
208 1917 451 1989 proficiscerotur,
475 1919 514 1971 no
539 1913 611 1988 quid
635 1914 757 1972 absente
783 1919 815 1971 so
839 1924 954 1989 gestum
977 1914 1135 1986 vidoretur,
1162 1934 1212 1973 ac-

208 2022 289 2092 cidit,
318 2039 386 2077 cum
414 2019 453 2077 ad
479 2020 604 2077 insulam
632 2026 912 2094 appropinquarent,
940 2029 973 2076 ut
1001 2026 1107 2095 mogna
1135 2031 1211 2078 tem-

207 2132 305 2202 pestas
334 2131 483 2197 orerotur3
519 2143 608 2199 quam
640 2129 747 2183 ovitore
780 2126 840 2182 duo
871 2130 986 2183 veteros
1018 2126 1211 2200 imperotoros

207 2233 278 2289 otile
299 2232 428 2290 arbitroti
448 2250 531 2288 suam
553 2231 676 2288 classem
703 2236 935 2305 suppressorunt.
981 2233 1020 2288 At
1044 2232 1092 2288 ille
1117 2241 1210 2290 teme-

207 2339 281 2396 rorio
308 2343 376 2395 osus
403 2338 516 2395 ratione
544 2342 605 2395 non
636 2337 724 2394 cessit
756 2338 899 2394 maiorum
931 2342 1001 2395 noto
1033 2339 1209 2409 auctoritato

156 2467 186 2498 20
207 2445 286 2502 velut
310 2444 340 2501 in
365 2450 417 2501 suo
440 2448 529 2500 mano
554 2453 632 2500 esset
657 2443 786 2500 fortona.
830 2443 898 2516 Quo
923 2442 1118 2500 contenderat
1143 2462 1208 2517 per-

206 2551 295 2622 vonit,
318 2549 485 2624 eodemque
510 2558 542 2605 ut
567 2558 766 2623 sequerentur,
788 2549 827 2607 ad
852 2550 1043 2607 Timotheum
1069 2559 1099 2607 et
1127 2536 1207 2624 Iphi-

207 2660 307 2713 craton
328 2656 463 2712 mintium
485 2655 571 2712 misit.

247 2762 329 2818 Hinc
364 2761 439 2818 male
472 2765 503 2818 ro
531 2765 623 2834 gesta,
651 2760 851 2834 compluribus
880 2767 992 2818 omissis
1020 2761 1142 2819 novibus
1171 2765 1208 2818 eo

205 2868 285 2925 unde
306 2876 369 2925 erat
390 2867 538 2941 profectus
560 2871 591 2923 so
612 2867 726 2940 recopit
746 2867 914 2941 litterasque
935 2867 1065 2924 Athonis
1089 2867 1207 2940 poblico

155 2998 181 3045 ²5
205 2975 292 3045 misit,
314 2974 369 3031 sibi
391 2973 520 3047 proclive
542 2971 629 3029 fuisse
652 2974 771 3031 Samum
794 2991 911 3047 capere,
934 2974 988 3030 nisi
1010 2978 1028 3030 a
1047 2972 1206 3030 Timotheo

205 3089 235 3137 et
264 3066 412 3154 Iphicrate
440 3079 573 3136 desertus
601 3089 688 3136 esset.
742 3079 870 3153 Populus
898 3085 974 3149 ocer,
1003 3079 1140 3153 suspicax
1167 3079 1208 3137 ob

205 3203 330 3260 eamque
352 3203 413 3243 rem
436 3184 562 3255 mobiliS,
583 3183 773 3256 adversorius,
793 3184 959 3242 invidus-
971 3184 1080 3241 etenim
1101 3194 1208 3258 poten-

205 3293 245 3349 tia
276 3293 306 3349 in
337 3297 449 3348 crimen
480 3290 824 3349 vocabatur—domum
860 3300 998 3362 revocat,
1033 3294 1210 3348 accusantur

205 3398 388 3473 proditionis.
433 3398 502 3454 Hoc
524 3396 635 3454 iodicio
656 3396 811 3453 damnotur
831 3397 1005 3453 Timotheus
1026 3395 1119 3469 lisque
1145 3396 1210 3455 oius

156 3531 182 3576 30
204 3505 374 3562 aestimatur
404 3512 525 3560 centum
556 3503 680 3561 talentis,
736 3503 790 3559 Ille
821 3501 893 3559 odio
924 3502 1053 3577 ingratae
1082 3502 1212 3562 civitatis

205 3617 323 3668 exoctus
345 3609 519 3668 Chalcidem
541 3613 572 3666 so
593 3608 725 3666 contulit.

246 3719 297 3774 IV.
327 3717 423 3798 Holus
449 3725 517 3791 post
542 3724 667 3772 mortem
692 3730 760 3771 cum
785 3714 928 3789 populum
950 3713 1051 3772 iodicii
1071 3720 1115 3771 sni
1136 3733 1211 3789 pae-
