<?xml version="1.0" encoding="UTF-8"?>
<!DOCTYPE html PUBLIC "-//W3C//DTD XHTML 1.0 Transitional//EN"
    "http://www.w3.org/TR/xhtml1/DTD/xhtml1-transitional.dtd">
<html xmlns="http://www.w3.org/1999/xhtml" xml:lang="en" lang="en">
 <head>
  <title>
</title>
<meta http-equiv="Content-Type" content="text/html;charset=utf-8" />
  <meta name='ocr-system' content='tesseract 3.04.00' />
  <meta name='ocr-capabilities' content='ocr_page ocr_carea ocr_par ocr_line ocrx_word'/>
</head>
<body>
  <div class='ocr_page' id='page_1' title='image "./corneliinepotis02nepogoog_0055.png"; bbox 0 0 2574 4146; ppageno 0'>
   <div class='ocr_carea' id='block_1_1' title="bbox 179 260 1237 334">
    <p class='ocr_par' dir='ltr' id='par_1_1' title="bbox 179 260 1237 334">
     <span class='ocr_line' id='line_1_1' title="bbox 179 260 1237 334; baseline -0.001 -15"><span class='ocrx_word' id='word_1_1' title='bbox 179 260 219 319; x_wconf 87' lang='grc'><strong>28</strong></span> <span class='ocrx_word' id='word_1_2' title='bbox 469 269 638 318; x_wconf 85' lang='lat' dir='ltr'>CORNELII</span> <span class='ocrx_word' id='word_1_3' title='bbox 662 269 809 318; x_wconf 89' lang='lat' dir='ltr'>NEPOTIS</span> <span class='ocrx_word' id='word_1_4' title='bbox 832 269 939 318; x_wconf 86' lang='lat' dir='ltr'>VITAE</span> <span class='ocrx_word' id='word_1_5' title='bbox 1188 269 1237 334; x_wconf 82' lang='lat' dir='ltr'><strong>[w.</strong></span> 
     </span>
    </p>
   </div>
   <div class='ocr_carea' id='block_1_2' title="bbox 178 439 1238 2206">
    <p class='ocr_par' dir='ltr' id='par_1_2' title="bbox 226 439 1238 834">
     <span class='ocr_line' id='line_1_2' title="bbox 226 439 1238 517; baseline 0.003 -20"><span class='ocrx_word' id='word_1_6' title='bbox 226 440 327 498; x_wconf 87' lang='lat' dir='ltr'><strong>classis</strong></span> <span class='ocrx_word' id='word_1_7' title='bbox 352 441 382 496; x_wconf 93' lang='lat' dir='ltr'><strong>in</strong></span> <span class='ocrx_word' id='word_1_8' title='bbox 407 439 484 498; x_wconf 69' lang='lat' dir='ltr'><strong>bellu</strong></span> <span class='ocrx_word' id='word_1_9' title='bbox 510 441 602 497; x_wconf 87' lang='lat' dir='ltr'><strong>multa</strong></span> <span class='ocrx_word' id='word_1_10' title='bbox 628 440 786 498; x_wconf 73' lang='lat' dir='ltr'><strong>crudeliter</strong></span> <span class='ocrx_word' id='word_1_11' title='bbox 811 446 956 515; x_wconf 67' lang='lat' dir='ltr'><strong>avareque</strong></span> <span class='ocrx_word' id='word_1_12' title='bbox 985 440 1108 498; x_wconf 74' lang='lat' dir='ltr'><strong>fecisset</strong></span> <span class='ocrx_word' id='word_1_13' title='bbox 1137 441 1238 517; x_wconf 73' lang='lat' dir='ltr'><strong>deque</strong></span> 
     </span>
     <span class='ocr_line' id='line_1_3' title="bbox 226 544 1237 621; baseline 0.003 -19"><span class='ocrx_word' id='word_1_14' title='bbox 226 553 267 602; x_wconf 91' lang='lat' dir='ltr'><strong>eis</strong></span> <span class='ocrx_word' id='word_1_15' title='bbox 285 546 372 605; x_wconf 73' lang='lat' dir='ltr'><strong>rebus</strong></span> <span class='ocrx_word' id='word_1_16' title='bbox 396 547 593 620; x_wconf 60' lang='lat' dir='ltr'><strong>suspicaretur</strong></span> <span class='ocrx_word' id='word_1_17' title='bbox 617 544 656 603; x_wconf 94' lang='lat' dir='ltr'><strong>ad</strong></span> <span class='ocrx_word' id='word_1_18' title='bbox 681 551 760 604; x_wconf 74' lang='lat' dir='ltr'><strong>cives</strong></span> <span class='ocrx_word' id='word_1_19' title='bbox 785 553 853 605; x_wconf 84' lang='lat' dir='ltr'><strong>su6s</strong></span> <span class='ocrx_word' id='word_1_20' title='bbox 877 565 942 604; x_wconf 87' lang='lat' dir='ltr'><strong>esse</strong></span> <span class='ocrx_word' id='word_1_21' title='bbox 969 546 1124 620; x_wconf 69' lang='lat' dir='ltr'><strong>perlitum,</strong></span> <span class='ocrx_word' id='word_1_22' title='bbox 1150 548 1237 621; x_wconf 90' lang='lat' dir='ltr'><strong>petiit</strong></span> 
     </span>
     <span class='ocr_line' id='line_1_4' title="bbox 226 652 1236 728; baseline 0 -18"><span class='ocrx_word' id='word_1_23' title='bbox 226 659 244 710; x_wconf 70' lang='lat' dir='ltr'><strong>ai</strong></span> <span class='ocrx_word' id='word_1_24' title='bbox 282 652 472 710; x_wconf 70' lang='lat' dir='ltr'><strong>Phamabizt&#39;)</strong></span> <span class='ocrx_word' id='word_1_25' title='bbox 507 663 539 710; x_wconf 95' lang='lat' dir='ltr'><strong>ut</strong></span> <span class='ocrx_word' id='word_1_26' title='bbox 573 653 613 710; x_wconf 87' lang='lat' dir='ltr'><strong>ad</strong></span> <span class='ocrx_word' id='word_1_27' title='bbox 648 653 776 728; x_wconf 70' lang='lat' dir='ltr'><strong>ephorus</strong></span> <span class='ocrx_word' id='word_1_28' title='bbox 811 653 866 711; x_wconf 88' lang='lat' dir='ltr'>sibi</span> <span class='ocrx_word' id='word_1_29' title='bbox 902 653 1103 711; x_wconf 69' lang='lat' dir='ltr'><strong>testimunium</strong></span> <span class='ocrx_word' id='word_1_30' title='bbox 1140 654 1236 726; x_wconf 88' lang='lat' dir='ltr'><strong>daret,</strong></span> 
     </span>
     <span class='ocr_line' id='line_1_5' title="bbox 226 758 1235 834; baseline 0.002 -19"><span class='ocrx_word' id='word_1_31' title='bbox 226 764 337 832; x_wconf 70' lang='lat' dir='ltr'><strong>quanta</strong></span> <span class='ocrx_word' id='word_1_32' title='bbox 371 758 525 816; x_wconf 68' lang='lat' dir='ltr'><strong>sinetitate</strong></span> <span class='ocrx_word' id='word_1_33' title='bbox 561 759 671 816; x_wconf 89' lang='lat' dir='ltr'><strong>bellum</strong></span> <span class='ocrx_word' id='word_1_34' title='bbox 705 759 842 834; x_wconf 85' lang='lat' dir='ltr'><strong>gessisset</strong></span> <span class='ocrx_word' id='word_1_35' title='bbox 876 759 1033 832; x_wconf 68' lang='lat' dir='ltr'><strong>sociusque</strong></span> <span class='ocrx_word' id='word_1_36' title='bbox 1070 766 1235 832; x_wconf 73' lang='lat' dir='ltr'><strong>tractasset,</strong></span> 
     </span>
    </p>

    <p class='ocr_par' dir='ltr' id='par_1_3' title="bbox 190 864 1236 1362">
     <span class='ocr_line' id='line_1_6' title="bbox 190 864 1235 939; baseline 0.001 -18"><span class='ocrx_word' id='word_1_37' title='bbox 190 888 200 932; x_wconf 77' lang='lat'>5</span> <span class='ocrx_word' id='word_1_38' title='bbox 225 864 323 937; x_wconf 76' lang='lat' dir='ltr'><strong>deque</strong></span> <span class='ocrx_word' id='word_1_39' title='bbox 349 869 385 921; x_wconf 67' lang='lat' dir='ltr'><strong>ea</strong></span> <span class='ocrx_word' id='word_1_40' title='bbox 408 869 439 921; x_wconf 73' lang='lat' dir='ltr'><strong>re</strong></span> <span class='ocrx_word' id='word_1_41' title='bbox 464 869 600 922; x_wconf 57' lang='lat' dir='ltr'><strong>accurate</strong></span> <span class='ocrx_word' id='word_1_42' title='bbox 625 865 784 923; x_wconf 85' lang='lat' dir='ltr'><strong>scriberet:</strong></span> <span class='ocrx_word' id='word_1_43' title='bbox 818 869 954 939; x_wconf 75' lang='lat' dir='ltr'><strong>magnam</strong></span> <span class='ocrx_word' id='word_1_44' title='bbox 977 864 1056 921; x_wconf 87' lang='lat' dir='ltr'><strong>enim</strong></span> <span class='ocrx_word' id='word_1_45' title='bbox 1079 865 1145 922; x_wconf 74' lang='lat' dir='ltr'><strong>eius</strong></span> <span class='ocrx_word' id='word_1_46' title='bbox 1165 883 1235 923; x_wconf 89' lang='lat' dir='ltr'><strong>auc-</strong></span> 
     </span>
     <span class='ocr_line' id='line_1_7' title="bbox 226 969 1234 1045; baseline 0.002 -19"><span class='ocrx_word' id='word_1_47' title='bbox 226 969 375 1027; x_wconf 75' lang='lat' dir='ltr'><strong>t6ritatem</strong></span> <span class='ocrx_word' id='word_1_48' title='bbox 400 969 429 1026; x_wconf 93' lang='lat' dir='ltr'><strong>in</strong></span> <span class='ocrx_word' id='word_1_49' title='bbox 455 975 491 1026; x_wconf 63' lang='lat' dir='ltr'><strong>ei</strong></span> <span class='ocrx_word' id='word_1_50' title='bbox 514 975 545 1027; x_wconf 73' lang='lat' dir='ltr'><strong>re</strong></span> <span class='ocrx_word' id='word_1_51' title='bbox 571 970 707 1027; x_wconf 77' lang='lat' dir='ltr'><strong>futuram.</strong></span> <span class='ocrx_word' id='word_1_52' title='bbox 750 970 831 1026; x_wconf 87' lang='lat' dir='ltr'>Huic</span> <span class='ocrx_word' id='word_1_53' title='bbox 856 969 904 1026; x_wconf 91' lang='lat' dir='ltr'><strong>ille</strong></span> <span class='ocrx_word' id='word_1_54' title='bbox 929 970 1087 1027; x_wconf 56' lang='lat' dir='ltr'><strong>liberaliter</strong></span> <span class='ocrx_word' id='word_1_55' title='bbox 1111 971 1234 1045; x_wconf 74' lang='lat' dir='ltr'><strong>pullice-</strong></span> 
     </span>
     <span class='ocr_line' id='line_1_8' title="bbox 227 1075 1235 1150; baseline 0.003 -19"><span class='ocrx_word' id='word_1_56' title='bbox 227 1085 272 1132; x_wconf 92' lang='lat' dir='ltr'><strong>tur</strong></span> <span class='ocrx_word' id='word_1_57' title='bbox 283 1095 291 1146; x_wconf 80' lang='lat'><em>3</em></span> <span class='ocrx_word' id='word_1_58' title='bbox 320 1075 426 1132; x_wconf 90' lang='lat' dir='ltr'><strong>librum</strong></span> <span class='ocrx_word' id='word_1_59' title='bbox 452 1075 596 1149; x_wconf 86' lang='lat' dir='ltr'><strong>grandem</strong></span> <span class='ocrx_word' id='word_1_60' title='bbox 621 1076 715 1133; x_wconf 90' lang='lat' dir='ltr'><strong>verbis</strong></span> <span class='ocrx_word' id='word_1_61' title='bbox 742 1075 838 1133; x_wconf 90' lang='lat' dir='ltr'><strong>multis</strong></span> <span class='ocrx_word' id='word_1_62' title='bbox 864 1075 1048 1149; x_wconf 61' lang='lat' dir='ltr'><strong>«inscripsit,</strong></span> <span class='ocrx_word' id='word_1_63' title='bbox 1071 1075 1102 1132; x_wconf 91' lang='lat' dir='ltr'><strong>in</strong></span> <span class='ocrx_word' id='word_1_64' title='bbox 1127 1077 1235 1150; x_wconf 91' lang='lat' dir='ltr'><strong>quibus</strong></span> 
     </span>
     <span class='ocr_line' id='line_1_9' title="bbox 227 1181 1235 1255; baseline 0.002 -18"><span class='ocrx_word' id='word_1_65' title='bbox 227 1187 347 1238; x_wconf 87' lang='lat' dir='ltr'><strong>summis</strong></span> <span class='ocrx_word' id='word_1_66' title='bbox 382 1199 448 1238; x_wconf 92' lang='lat' dir='ltr'><strong>eum</strong></span> <span class='ocrx_word' id='word_1_67' title='bbox 481 1181 564 1238; x_wconf 85' lang='lat' dir='ltr'><strong>effert</strong></span> <span class='ocrx_word' id='word_1_68' title='bbox 594 1181 737 1240; x_wconf 82' lang='lat' dir='ltr'><strong>laudibus</strong></span> <span class='ocrx_word' id='word_1_69' title='bbox 794 1182 891 1255; x_wconf 87' lang='lat' dir='ltr'><strong>Quem</strong></span> <span class='ocrx_word' id='word_1_70' title='bbox 926 1200 996 1238; x_wconf 92' lang='lat' dir='ltr'><strong>cum</strong></span> <span class='ocrx_word' id='word_1_71' title='bbox 1031 1181 1079 1237; x_wconf 83' lang='lat' dir='ltr'><strong>hic</strong></span> <span class='ocrx_word' id='word_1_72' title='bbox 1115 1182 1235 1255; x_wconf 72' lang='lat' dir='ltr'><strong>legisset</strong></span> 
     </span>
     <span class='ocr_line' id='line_1_10' title="bbox 226 1286 1236 1362; baseline 0.002 -19"><span class='ocrx_word' id='word_1_73' title='bbox 226 1287 448 1361; x_wconf 71' lang='lat' dir='ltr'><strong>probissetque,</strong></span> <span class='ocrx_word' id='word_1_74' title='bbox 474 1286 545 1344; x_wconf 92' lang='lat' dir='ltr'><strong>dum</strong></span> <span class='ocrx_word' id='word_1_75' title='bbox 571 1294 707 1362; x_wconf 65' lang='lat' dir='ltr'><strong>signitur,</strong></span> <span class='ocrx_word' id='word_1_76' title='bbox 732 1288 855 1344; x_wconf 89' lang='lat' dir='ltr'><strong>alterum</strong></span> <span class='ocrx_word' id='word_1_77' title='bbox 880 1294 943 1362; x_wconf 91' lang='lat' dir='ltr'><strong>pari</strong></span> <span class='ocrx_word' id='word_1_78' title='bbox 972 1286 1174 1361; x_wconf 71' lang='lat' dir='ltr'><strong>magnitudine</strong></span> <span class='ocrx_word' id='word_1_79' title='bbox 1206 1298 1236 1345; x_wconf 91' lang='lat' dir='ltr'><strong>et</strong></span> 
     </span>
    </p>

    <p class='ocr_par' dir='ltr' id='par_1_4' title="bbox 178 1392 1236 1886">
     <span class='ocr_line' id='line_1_11' title="bbox 178 1392 1234 1470; baseline 0.003 -22"><span class='ocrx_word' id='word_1_80' title='bbox 178 1398 308 1449; x_wconf 73' lang='lat' dir='ltr'><strong>rotanti</strong></span> <span class='ocrx_word' id='word_1_81' title='bbox 335 1392 525 1450; x_wconf 78' lang='lat' dir='ltr'><strong>similitudine</strong></span> <span class='ocrx_word' id='word_1_82' title='bbox 553 1402 585 1450; x_wconf 88' lang='lat' dir='ltr'><strong>ut</strong></span> <span class='ocrx_word' id='word_1_83' title='bbox 611 1393 737 1450; x_wconf 80' lang='lat' dir='ltr'><strong>discerni</strong></span> <span class='ocrx_word' id='word_1_84' title='bbox 766 1398 826 1449; x_wconf 71' lang='lat' dir='ltr'><strong>nun</strong></span> <span class='ocrx_word' id='word_1_85' title='bbox 854 1403 964 1467; x_wconf 85' lang='lat' dir='ltr'><strong>posset,</strong></span> <span class='ocrx_word' id='word_1_86' title='bbox 990 1398 1136 1470; x_wconf 69' lang='lat' dir='ltr'><strong>signitum</strong></span> <span class='ocrx_word' id='word_1_87' title='bbox 1165 1393 1234 1452; x_wconf 66' lang='lat' dir='ltr'><strong>sun</strong></span> 
     </span>
     <span class='ocr_line' id='line_1_12' title="bbox 226 1497 1236 1573; baseline 0.002 -19"><span class='ocrx_word' id='word_1_88' title='bbox 226 1498 305 1570; x_wconf 75' lang='lat' dir='ltr'><strong>iecit,</strong></span> <span class='ocrx_word' id='word_1_89' title='bbox 333 1499 364 1555; x_wconf 89' lang='lat' dir='ltr'><strong>in</strong></span> <span class='ocrx_word' id='word_1_90' title='bbox 391 1503 451 1572; x_wconf 71' lang='lat' dir='ltr'><strong>qui&gt;</strong></span> <span class='ocrx_word' id='word_1_91' title='bbox 483 1498 700 1556; x_wconf 56' lang='lat' dir='ltr'><strong>accuratissime</strong></span> <span class='ocrx_word' id='word_1_92' title='bbox 733 1499 795 1555; x_wconf 75' lang='lat' dir='ltr'><strong>eius</strong></span> <span class='ocrx_word' id='word_1_93' title='bbox 830 1498 981 1555; x_wconf 70' lang='lat' dir='ltr'><strong>avaritiam</strong></span> <span class='ocrx_word' id='word_1_94' title='bbox 1015 1497 1236 1573; x_wconf 90' lang='lat' dir='ltr'><strong>perfidiamque</strong></span> 
     </span>
     <span class='ocr_line' id='line_1_13' title="bbox 227 1603 1235 1678; baseline 0.002 -18"><span class='ocrx_word' id='word_1_95' title='bbox 227 1609 386 1661; x_wconf 67' lang='lat' dir='ltr'><strong>accusarat.</strong></span> <span class='ocrx_word' id='word_1_96' title='bbox 429 1603 580 1676; x_wconf 62' lang='lat' dir='ltr'><strong>LYsander</strong></span> <span class='ocrx_word' id='word_1_97' title='bbox 607 1603 730 1661; x_wconf 93' lang='lat' dir='ltr'><strong>domum</strong></span> <span class='ocrx_word' id='word_1_98' title='bbox 756 1622 823 1660; x_wconf 92' lang='lat' dir='ltr'><strong>cum</strong></span> <span class='ocrx_word' id='word_1_99' title='bbox 849 1603 983 1674; x_wconf 88' lang='lat' dir='ltr'><strong>redisset,</strong></span> <span class='ocrx_word' id='word_1_100' title='bbox 1009 1612 1169 1678; x_wconf 90' lang='lat' dir='ltr'><strong>postquam</strong></span> <span class='ocrx_word' id='word_1_101' title='bbox 1196 1604 1235 1663; x_wconf 76' lang='lat' dir='ltr'><strong>de</strong></span> 
     </span>
     <span class='ocr_line' id='line_1_14' title="bbox 226 1709 1235 1784; baseline 0.002 -18"><span class='ocrx_word' id='word_1_102' title='bbox 226 1716 284 1767; x_wconf 90' lang='lat' dir='ltr'><strong>suis</strong></span> <span class='ocrx_word' id='word_1_103' title='bbox 328 1710 415 1768; x_wconf 73' lang='lat' dir='ltr'><strong>rebus</strong></span> <span class='ocrx_word' id='word_1_104' title='bbox 455 1716 544 1784; x_wconf 87' lang='lat' dir='ltr'><strong>gestis</strong></span> <span class='ocrx_word' id='word_1_105' title='bbox 586 1709 666 1784; x_wconf 89' lang='lat' dir='ltr'><strong>apud</strong></span> <span class='ocrx_word' id='word_1_106' title='bbox 708 1709 869 1766; x_wconf 71' lang='lat' dir='ltr'><strong>maximum</strong></span> <span class='ocrx_word' id='word_1_107' title='bbox 912 1709 1113 1784; x_wconf 79' lang='lat' dir='ltr'><strong>magistratum</strong></span> <span class='ocrx_word' id='word_1_108' title='bbox 1155 1727 1235 1783; x_wconf 87' lang='lat' dir='ltr'><strong>quae</strong></span> 
     </span>
     <span class='ocr_line' id='line_1_15' title="bbox 226 1796 1235 1886; baseline 0.001 -15"><span class='ocrx_word' id='word_1_109' title='bbox 226 1815 358 1872; x_wconf 88' lang='lat' dir='ltr'><strong>voluerat</strong></span> <span class='ocrx_word' id='word_1_110' title='bbox 392 1796 514 1886; x_wconf 83' lang='lat' dir='ltr'><strong>dixerat,</strong></span> <span class='ocrx_word' id='word_1_111' title='bbox 550 1814 710 1872; x_wconf 67' lang='lat' dir='ltr'><strong>testimenii</strong></span> <span class='ocrx_word' id='word_1_112' title='bbox 745 1815 811 1871; x_wconf 73' lang='lat' dir='ltr'><strong>loeti</strong></span> <span class='ocrx_word' id='word_1_113' title='bbox 847 1815 952 1872; x_wconf 91' lang='lat' dir='ltr'><strong>librum</strong></span> <span class='ocrx_word' id='word_1_114' title='bbox 986 1819 1005 1871; x_wconf 72' lang='lat' dir='ltr'><strong>a</strong></span> <span class='ocrx_word' id='word_1_115' title='bbox 1040 1813 1235 1872; x_wconf 65' lang='lat' dir='ltr'><strong>Pharnabizr&#39;)</strong></span> 
     </span>
    </p>

    <p class='ocr_par' dir='ltr' id='par_1_5' title="bbox 178 1918 1236 2206">
     <span class='ocr_line' id='line_1_16' title="bbox 178 1918 1234 1994; baseline 0.002 -20"><span class='ocrx_word' id='word_1_116' title='bbox 178 1943 202 1990; x_wconf 74' lang='grc' dir='ltr'><strong>ις</strong></span> <span class='ocrx_word' id='word_1_117' title='bbox 227 1920 329 1978; x_wconf 90' lang='lat' dir='ltr'><strong>datum</strong></span> <span class='ocrx_word' id='word_1_118' title='bbox 358 1920 488 1978; x_wconf 72' lang='lat' dir='ltr'><strong>tradidit.</strong></span> <span class='ocrx_word' id='word_1_119' title='bbox 551 1922 642 1976; x_wconf 90' lang='lat' dir='ltr'><strong>Hunc</strong></span> <span class='ocrx_word' id='word_1_120' title='bbox 674 1920 812 1977; x_wconf 74' lang='lat' dir='ltr'><strong>submutd</strong></span> <span class='ocrx_word' id='word_1_121' title='bbox 844 1918 994 1992; x_wconf 76' lang='lat' dir='ltr'><strong>Lysandrd</strong></span> <span class='ocrx_word' id='word_1_122' title='bbox 1026 1938 1093 1974; x_wconf 90' lang='lat' dir='ltr'><strong>eum</strong></span> <span class='ocrx_word' id='word_1_123' title='bbox 1127 1919 1234 1994; x_wconf 91' lang='lat' dir='ltr'><strong>ephori</strong></span> 
     </span>
     <span class='ocr_line' id='line_1_17' title="bbox 227 2023 1236 2110; baseline 0.003 -29"><span class='ocrx_word' id='word_1_124' title='bbox 227 2030 416 2100; x_wconf 73' lang='lat' dir='ltr'><strong>cdgnbssent,</strong></span> <span class='ocrx_word' id='word_1_125' title='bbox 440 2025 496 2099; x_wconf 89' lang='lat' dir='ltr'><strong>ipsi</strong></span> <span class='ocrx_word' id='word_1_126' title='bbox 520 2023 680 2099; x_wconf 87' lang='lat' dir='ltr'><strong>legendum</strong></span> <span class='ocrx_word' id='word_1_127' title='bbox 707 2023 863 2110; x_wconf 73' lang='lat' dir='ltr'><strong>dederunt.</strong></span> <span class='ocrx_word' id='word_1_128' title='bbox 907 2026 954 2082; x_wconf 93' lang='lat' dir='ltr'><strong>Ita</strong></span> <span class='ocrx_word' id='word_1_129' title='bbox 981 2025 1028 2082; x_wconf 95' lang='lat' dir='ltr'><strong>ille</strong></span> <span class='ocrx_word' id='word_1_130' title='bbox 1058 2023 1236 2099; x_wconf 73' lang='lat' dir='ltr'><strong>imprudens</strong></span> 
     </span>
     <span class='ocr_line' id='line_1_18' title="bbox 227 2130 638 2206; baseline -0.005 -18"><span class='ocrx_word' id='word_1_131' title='bbox 227 2131 290 2206; x_wconf 91' lang='lat' dir='ltr'><strong>ipse</strong></span> <span class='ocrx_word' id='word_1_132' title='bbox 311 2148 380 2189; x_wconf 90' lang='lat' dir='ltr'><strong>suus</strong></span> <span class='ocrx_word' id='word_1_133' title='bbox 401 2130 455 2186; x_wconf 85' lang='lat' dir='ltr'><strong>fuit</strong></span> <span class='ocrx_word' id='word_1_134' title='bbox 475 2135 638 2187; x_wconf 71' lang='lat' dir='ltr'><strong>accusitor.</strong></span> 
     </span>
    </p>
   </div>
   <div class='ocr_carea' id='block_1_3' title="bbox 0 0 1292 4146">
    <p class='ocr_par' dir='ltr' id='par_1_6' title="bbox 0 0 1292 4146">
     <span class='ocr_line' id='line_1_19' title="bbox 0 0 1292 4146; baseline 0 0"><span class='ocrx_word' id='word_1_135' title='bbox 0 0 1292 4146; x_wconf 95' lang='lat' dir='ltr'><strong> </strong></span> 
     </span>
    </p>
   </div>
  </div>
 </body>
</html>
