2574 4146
82 274 147 337 vn]
510 273 722 322 Ancrsmnss
1104 277 1142 340 33

85 447 219 504 arbitrari
249 445 446 517 vidabantur5
487 464 557 503 nam
592 456 749 520 postquam
786 446 926 503 exercitui
958 464 1094 520 praeesse

84 561 238 627 coeperat,
274 570 372 626 neque
413 557 490 609 terra
527 569 624 626 neque
663 559 736 608 mari
771 551 871 609 hostas
909 556 994 626 paras
1031 569 1095 608 esse

84 667 254 732 potuerant.
298 659 358 714 Hic
379 667 411 715 ut
432 662 449 715 a
470 663 537 714 navi
558 663 689 732 agressus
710 667 764 728 est,
784 675 962 731 quamquam
984 657 1095 715 Thara-

86 768 190 821 menas
216 773 247 821 et
271 763 470 838 Thrasybalus
488 762 600 820 eisdem
627 763 714 821 rabus
739 763 925 837 praefuerant
950 763 1095 837 simulque

85 874 230 927 vanerant
259 869 291 926 in
322 871 467 942 Piraeum,
496 879 594 927 tamen
626 875 717 927 anum
749 875 853 927 omnas
884 870 964 926 illum
994 875 1094 943 prase-
1118 896 1128 942 5

85 976 265 1050 quabantur,
301 985 340 1046 et,
375 973 406 1032 id
441 975 523 1049 quod
561 992 723 1050 numquam
758 981 846 1032 antea
882 980 936 1033 asa
974 979 1096 1032 vanerat

85 1081 143 1137 nisi
171 1080 331 1156 Olympiae
355 1080 523 1152 victaribus,
548 1085 664 1138 corariis
689 1081 793 1138 laureis
819 1081 980 1155 taeniisque
1008 1081 1096 1156 vulga

87 1185 265 1244 danabatur.
322 1187 375 1243 llle
406 1186 561 1244 lacrimans
594 1187 682 1244 talem
715 1187 951 1245 benevolentiam
988 1187 1095 1244 civium

87 1297 209 1350 suarum
237 1292 414 1366 accipiabat,
443 1292 632 1350 reminiscaris
660 1292 775 1366 pristini
806 1292 947 1367 temporis
984 1294 1095 1351 acerbi-

87 1403 190 1456 ffitem.
1122 1433 1147 1462 10

129 1505 292 1578 Postquam
320 1504 351 1561 in
379 1509 443 1561 astri
470 1503 560 1574 vanit,
588 1504 728 1561 cantiane
757 1502 902 1561 advocata
928 1511 970 1561 sic
1008 1504 1097 1562 verba

87 1609 174 1681 facit,
199 1618 233 1666 ut
261 1613 352 1666 nami)
380 1618 440 1666 tam
468 1609 545 1666 serus
573 1609 660 1666 fuerit
687 1616 758 1683 quin
786 1609 847 1666 aius
876 1615 956 1666 casui
985 1595 1117 1667 inlacri?

88 1715 174 1773 marit
198 1715 412 1788 inimicumque
429 1721 471 1772 eis
495 1719 527 1772 sa
553 1713 716 1772 ostenderit
740 1720 866 1788 quarum
891 1721 983 1789 opera
1004 1716 1098 1789 patria

87 1822 188 1896 pulsus
218 1820 324 1891 fuerat,
349 1820 473 1894 proinde
501 1839 536 1877 ac
565 1827 588 1877 si
615 1820 688 1878 alius
713 1820 847 1895 populus,
874 1825 935 1877 nan
960 1821 1007 1877 ille
1034 1821 1096 1896 ipse

87 1933 225 2002 quitum
251 1925 350 1997 flabat,
372 1943 441 1983 eum
465 1925 608 2000 sacrilegii
632 1925 809 1984 damnasset.
853 1902 1002 1984 Restitata
1027 1933 1097 2000 erga
1122 1958 1146 2004 ¹5

88 2033 157 2090 huic
182 2042 252 2090 sunt
277 2031 396 2105 pablica
421 2031 508 2103 bona,
530 2030 688 2105 eidemque
714 2032 754 2088 illi
778 2031 976 2105 Eumolpidae
1001 2051 1096 2090 sacer-

88 2138 176 2196 datas
204 2142 303 2195 tarsus
331 2143 478 2194 resacrare
507 2147 575 2194 sunt
603 2143 707 2208 coacti,
734 2144 784 2210 qui
809 2155 876 2194 eum
907 2137 1095 2209 devoverant,

87 2244 227 2319 pilaeque
251 2242 327 2314 illae,
354 2241 385 2300 in
409 2242 515 2317 quibus
543 2242 663 2300 davatia
692 2242 785 2300 fuerat
813 2249 931 2317 scripta,
957 2244 987 2299 in
1016 2262 1096 2300 mare

86 2349 313 2424 praecipitatae.

128 2455 200 2513 VII.
232 2455 321 2512 Haec
347 2452 494 2512 Alcibiadi
522 2453 631 2511 laetitia
659 2459 719 2511 nan
747 2454 833 2511 nimis
865 2454 918 2511 fuit
950 2454 1096 2512 diaturna.
1120 2484 1148 2515 ιο

88 2562 170 2619 Nam
199 2578 270 2617 curn
299 2566 326 2617 ei
353 2564 456 2617 omnas
482 2568 580 2616 essent
605 2559 731 2616 bonaras
760 2559 873 2616 decreti
902 2565 1022 2634 tataque
1051 2566 1096 2619 ras

86 2666 210 2742 pablica
231 2664 315 2722 domi
339 2664 465 2738 bellique
490 2663 606 2736 tradita,
628 2675 661 2722 ut
684 2669 768 2721 anius
792 2665 912 2722 arbitria
938 2670 1096 2739 gereretur,

87 2782 119 2831 et
139 2773 206 2846 ipse
228 2770 406 2846 postulasset
425 2780 458 2828 ut
478 2769 539 2828 duo
561 2770 616 2828 sibi
638 2770 780 2844 conlegae
802 2769 949 2842 darentur,
971 2771 1096 2846 Thrasy-

87 2878 176 2937 birlus
204 2886 236 2934 et
263 2875 447 2947 Adimantus,
476 2894 574 2950 neque
603 2874 634 2932 id
662 2881 801 2950 negatum
831 2886 917 2947 esset,
946 2877 1038 2934 classe
1067 2877 1098 2933 in

87 2984 192 3042 Asiam
220 2982 381 3057 profectus,
406 2981 488 3056 quod
516 2980 596 3057 apud
624 2981 739 3056 Ciman
769 2981 864 3038 minus
889 2999 925 3038 ex
954 2983 1099 3040 sententia
1121 3017 1146 3062 ²5

87 3108 154 3148 rem
182 3098 323 3164 gesserat,
347 3087 378 3145 in
405 3086 546 3154 invidiam
575 3086 680 3144 recidit
691 3107 699 3159 3
735 3086 807 3144 nibil
837 3087 915 3143 enim
945 3105 1012 3145 eum
1037 3095 1097 3146 nan

88 3195 212 3252 efficere
236 3210 325 3268 posse
351 3191 509 3251 dircabant.
552 3194 598 3250 Ex
622 3197 681 3267 qua
706 3193 803 3250 fiabat
828 3202 860 3249 nt
882 3185 981 3249 omnia
1003 3195 1097 3252 minus

88 3303 237 3374 praspera
264 3308 348 3374 gesta
375 3299 479 3373 culpae
508 3298 679 3369 tribuerent,
707 3316 776 3355 cum
811 3308 861 3355 aut
896 3316 963 3355 eum
998 3301 1096 3375 negle-

88 3416 197 3482 genter
224 3414 275 3464 aut
303 3405 447 3463 malitiasa
476 3405 584 3463 facisse
613 3404 812 3479 loquerentur,
841 3402 916 3463 sicut
952 3415 1014 3463 tum
1050 3425 1097 3463 ac-

89 3512 186 3584 cidit;
222 3529 291 3570 nam
324 3521 501 3594 corruptum
529 3517 546 3568 a
576 3515 643 3585 tage
679 3528 785 3585 capere
821 3511 936 3586 Ciman
970 3513 1098 3570 ualuisse
1121 3545 1149 3589 30

89 3618 265 3694 arguabant.
322 3596 427 3692 Itaque
462 3617 530 3674 huic
566 3617 692 3674 maxima
727 3620 863 3690 putamus
898 3619 976 3676 mala
1011 3619 1098 3676 fuisse

89 3723 217 3784 nimiam
239 3724 412 3798 opinianem
431 3723 541 3801 ingenii
565 3733 653 3798 atque
677 3721 789 3781 vittatis
800 3743 809 3794 ;
838 3723 995 3782 timabatur
1020 3727 1098 3782 enim
1127 3754 1129 3759 ·
