2574 4146
121 255 179 315 128
407 265 577 314 CORNELII
599 265 749 314 Neporrs
772 265 880 312 virne
1028 265 1170 329 [nunu.

205 438 276 494 XII.
306 439 363 495 His
384 439 470 512 igitur
491 439 577 497 rebus
599 438 704 496 effecit
728 448 760 495 ut
785 439 827 495 M.
850 439 1006 513 Vipsenius
1030 440 1172 516 Agrippa,
1223 511 1226 517 μ

166 542 270 600 Intimi
301 544 493 602 familiairitite
527 545 701 602 conirinctus
735 543 919 602 adulescenti
946 545 1075 617 Caesari,
1104 565 1172 604 cum

166 659 288 723 propter
312 668 394 706 suam
420 651 542 724 gretiam
565 659 594 707 et
619 650 753 708 Caesaris
778 650 943 723 potentiam
968 650 1072 709 uirilius
1101 671 1172 710 con-

166 754 292 812 dicionis
312 761 373 814 nen
394 755 516 814 haberet
537 762 725 830 potestitem,
741 755 927 829 potissImum
948 756 1011 814 eius
1029 755 1174 833 deligeret

130 886 140 932 5
166 860 353 918 adlinititem
375 867 621 936 praeoptaretque
644 861 749 935 equitis
771 862 901 918 Remini
925 862 1022 919 filiam
1046 870 1172 937 genere-

166 973 263 1023 sirum
290 968 406 1041 miptiis.
464 969 561 1041 Atque
589 966 692 1024 herum
720 967 888 1040 nriptiairum
916 968 1091 1026 conciliitor
1120 971 1174 1028 suit

166 1079 277 1130 -nen
302 1084 347 1130 est
368 1073 446 1130 enim
468 1072 729 1130 celandum—M.
750 1073 905 1145 Antonius,
926 1074 1110 1132 triumvinim
1132 1083 1174 1133 rei

166 1179 302 1253 prihlicae
324 1178 557 1236 censtituendae.
601 1179 693 1237 Criius
715 1179 807 1252 gretie
830 1197 899 1236 cum
924 1184 1032 1254 augere
1057 1198 1172 1255 posses·

167 1285 265 1341 sienes
290 1295 390 1357 posset
415 1290 490 1355 suais,
512 1293 625 1341 tantum
647 1283 719 1340 aifuit
739 1289 757 1340 ai
777 1282 942 1358 cupidiffite
964 1285 1119 1359 pecimiae,
1141 1298 1173 1343 ut

118 1407 144 1437 10
167 1390 246 1447 nirlli
270 1391 299 1447 In
322 1395 353 1448 re
378 1396 446 1448 usus
470 1391 507 1447 sit
531 1396 567 1447 ei
587 1390 642 1448 nisi
663 1390 693 1448 in
716 1388 913 1465 deprecandis
934 1395 1098 1449 amicerum
1123 1404 1173 1451 aut

166 1497 302 1569 periculis
323 1506 373 1553 aut
394 1495 602 1553 incommodis

208 1602 298 1675 Quod
325 1602 447 1676 quidem
476 1603 530 1660 sub
562 1603 627 1676 ipsi
656 1601 871 1676 prescriptiene
902 1602 1078 1676 perinhistre
1109 1605 1172 1662 suit.

167 1709 245 1765 Nam
277 1727 345 1765 cum
377 1709 409 1766 L.
439 1709 540 1767 Saus&
571 1709 677 1783 equitis
709 1709 847 1780 Remini,
875 1708 1005 1783 aequilis
1040 1716 1094 1782 sui,
1122 1718 1173 1785 qui

165 1815 331 1888 comphires
373 1820 466 1872 annes
504 1813 602 1871 studie
637 1814 744 1872 ductus
779 1813 984 1889 philosophiae
1019 1815 1173 1874 habitabat

117 1936 141 1982 15
166 1920 288 1977 Athenis
316 1920 503 1993 habebatque
532 1920 562 1977 in
590 1906 676 1977 Italiai
700 1920 842 1993 pretiosis
863 1921 1075 1993 possessienes‚
1098 1927 1172 1980 tres·

164 2027 217 2082 viri
256 2027 335 2084 bona
368 2024 569 2083 vendidissent
606 2024 820 2083 censuetiidine
864 2031 899 2083 ee
932 2032 992 2100 qui
1027 2036 1091 2084 turn
1126 2033 1173 2086 res

164 2133 349 2205 gerebantur,
378 2132 468 2189 Attici
496 2131 596 2188 labere
627 2141 716 2204 atque
746 2131 889 2188 industrii
919 2132 1032 2189 factum
1064 2143 1109 2191 est
1140 2144 1173 2192 ut

165 2236 274 2295 eedem
312 2238 416 2295 mintie
455 2236 592 2295 Saufeius
630 2236 714 2293 fieret
748 2237 857 2294 certior
890 2241 922 2294 se
957 2236 1173 2312 patrimenium

164 2344 295 2401 amisisse
320 2354 350 2400 et
374 2348 572 2416 recuperesse.
616 2329 701 2399 idem
724 2343 757 2399 L.
780 2342 887 2399 Irilium
909 2342 1058 2415 Calidum,
1081 2363 1173 2419 quem

114 2466 142 2496 20
165 2459 231 2522 post
263 2449 390 2507 Lircretii
425 2447 591 2521 Catullique
627 2457 752 2504 mortem
789 2447 882 2505 multe
916 2448 1171 2523 elegantissimum

164 2559 283 2628 poetam
312 2564 441 2610 nostram
470 2553 569 2610 tulisse
597 2558 727 2610 aetetem
754 2557 824 2610 vere
852 2552 955 2611 videor
982 2571 1071 2628 posse
1099 2574 1171 2614 con·

165 2659 296 2730 tendere,
324 2677 421 2732 neque
451 2660 546 2716 minus
577 2659 671 2715 virum
703 2659 815 2716 bonum
847 2659 1025 2734 optimisque
1059 2661 1171 2720 artibus

164 2765 319 2835 eruditum,
348 2775 416 2839 post
447 2764 694 2839 prescriptienem
726 2765 858 2838 equitum
890 2775 1013 2840 propter
1048 2772 1169 2842 mignis

164 2873 225 2929 eius
253 2857 402 2927 Africanos
431 2871 633 2943 possessienes
658 2870 688 2926 in
713 2875 944 2944 proscriptorum
970 2888 1128 2928 numerum
1153 2878 1170 2929 i

113 2994 140 3041 25
165 2979 197 3035 P.
218 2977 386 3046 Volumnie,
409 2975 560 3049 praefecte
582 2975 697 3032 fabrtim
719 2976 846 3046 Antenii‚
869 2975 1023 3034 absentem
1044 2977 1169 3034 reletum

164 3081 321 3157 expedivit.
375 3080 466 3154 Quod
497 3081 528 3137 in
559 3086 706 3155 praesenti
739 3090 836 3138 utrum
868 3087 895 3137 ei
925 3081 1101 3140 laberiesius
1132 3102 1169 3140 an

163 3189 316 3264 gloriesius
352 3187 447 3258 luerit,
479 3185 597 3243 difficile
633 3194 677 3243 est
712 3185 853 3256 itidiczire,
881 3185 964 3259 quod
998 3187 1029 3244 in
1064 3193 1168 3246 eerum

164 3295 298 3370 penculis
337 3297 398 3351 nen
437 3310 521 3349 secus
556 3292 692 3348 absentes
727 3308 816 3364 quam
851 3296 1021 3365 praesentes
1056 3298 1168 3352 amices

163 3402 263 3458 Attice
286 3418 349 3457 esse
371 3403 458 3455 ci1rae
480 3398 630 3472 cognitum
653 3406 705 3454 est.

114 3525 141 3569 30
202 3507 290 3564 XIII.
334 3505 440 3578 Neque
465 3507 536 3560 vere
561 3503 609 3560 ille
635 3502 729 3560 minus
750 3502 846 3561 bonus
866 3512 952 3577 pater
972 3502 1097 3562 familiis
1118 3504 1167 3562 ha·

164 3613 240 3671 bitus
269 3621 314 3668 est
342 3628 430 3684 quam
459 3609 549 3680 civis3
578 3626 647 3664 nam
672 3627 740 3665 cum
766 3619 843 3665 esset
868 3608 1056 3682 pecuinidsus,
1079 3614 1168 3668 neme

163 3718 212 3776 ille
242 3718 336 3774 minus
364 3717 417 3772 fuit
445 3719 540 3783 emer,
570 3714 665 3771 miuus
693 3712 874 3772 aedificator.
931 3714 1039 3792 Neque
1068 3725 1169 3775 tamen
