2574 4146
101 258 200 322 1x.‚x.]
531 258 741 308 ALCIBIADES
1121 264 1158 329 35

101 437 171 503 nee,
200 435 240 488 ne
268 431 350 489 iirxte
378 404 507 488 hostem¹
523 440 619 488 castra
647 431 756 489 habeas
783 431 920 503 nautica3
949 431 1110 506 periculum

101 548 148 595 est
169 537 262 608 enim,
283 541 322 595 ne
343 535 532 594 immodestie
552 537 677 594 militum
697 541 861 595 vestrerum
882 536 1000 595 occesie
1024 536 1111 596 detur

102 641 258 717 Lysandre
292 649 380 713 vestri
417 641 606 717 opprimendi
643 642 817 701 exercitiis.”
861 643 967 718 Neque
1001 661 1038 701 ea
1064 648 1110 702 res

101 749 184 806 illurn
208 748 333 822 fefellit3
362 767 431 806 nam
456 748 608 823 Lysander
633 767 701 806 cum
726 766 780 824 per
804 749 1003 824 speculeteres
1027 768 1109 807 com-

101 855 230 928 perisset
253 855 372 930 vulgum
393 853 616 912 Atheniensium
639 855 799 913 interram
820 853 994 930 praeditum
1017 850 1109 913 exisse
1134 879 1144 925 ς

101 965 253 1037 nevesque
278 978 374 1036 paene
398 961 501 1018 inenes
524 960 649 1032 relictis,
671 970 788 1035 tempus
812 966 854 1018 rei
877 960 1024 1035 gerendae
1049 965 1109 1019 nen

101 1065 214 1125 dimisit
235 1071 332 1141 eeque
354 1066 468 1139 impetir
490 1066 599 1124 bellum
622 1071 717 1123 tetum
738 1065 858 1124 delevit.

144 1173 197 1229 IX.
226 1173 266 1230 At
293 1171 471 1243 Alcibiades,
500 1177 584 1229 victis
613 1172 840 1230 Atheniensibus
868 1164 929 1229 nen
952 1172 1022 1229 satis
1046 1176 1109 1229 trita

101 1277 211 1336 eadem
237 1278 304 1335 loca
328 1277 383 1336 sibi
407 1277 559 1349 arbitreris,
581 1277 697 1351 penitus
722 1278 752 1334 in
772 1277 947 1335 Thraeciam
968 1282 1000 1335 se
1022 1283 1110 1351 supre

102 1382 320 1458 Pr0pontidem
341 1381 465 1453 abdidit,
488 1387 609 1458 sperens
629 1383 670 1441 ibi
692 1383 829 1440 facillime
850 1401 933 1463 suam
956 1384 1108 1441 sertsrnanr
1133 1412 1160 1443 10

101 1489 200 1546 occuli
234 1505 332 1563 posse.
389 1489 485 1546 False.
542 1489 620 1545 Nam
654 1487 812 1558 Thraeces,
847 1499 1004 1563 postquam
1041 1507 1108 1546 eum

101 1613 171 1652 cum
200 1599 310 1670 megae
336 1595 463 1670 peceniai
489 1595 604 1651 venisse
634 1598 796 1664 senserunt,
821 1593 942 1652 insidiis
971 1594 1110 1654 fecerunt

101 1719 196 1775 eaque
234 1718 328 1775 quae¹
350 1705 520 1775 apporterat
554 1700 744 1770 abstulerunt,
776 1701 873 1774 ipsum
908 1718 1013 1774 capere
1049 1706 1109 1759 nen

100 1811 274 1882 potuerunt.
330 1806 383 1864 Ille
419 1811 543 1864 cernens
577 1806 689 1864 nrillum
723 1804 822 1863 lo'cum
858 1806 913 1865 sibi
948 1811 1043 1865 tritum
1078 1808 1109 1864 in

101 1914 231 1972 Graecie
254 1923 378 1987 propter
401 1912 566 1987 potentiam
591 1912 897 1970 Lacedaemonierum
919 1912 957 1969 ad
980 1911 1106 1970 Pharna·
1133 1935 1157 1982 15

100 2018 207 2077 bezum
236 2019 268 2075 in
289 2017 395 2076 'Asiam
423 2018 544 2090 trensiit,
573 2035 663 2092 quem
691 2017 814 2092 quidem
843 2017 921 2075 adee
949 2023 1001 2075 sue
1028 2019 1109 2092 cepit

100 2124 295 2195 hirmenitete,
317 2133 350 2181 ut
370 2141 439 2181 eum
459 2129 549 2182 neme
574 2124 605 2181 in
625 2124 753 2180 amicitiai
774 2123 973 2181 antecederet.
1016 2124 1108 2182 Nam·

99 2248 160 2305 que
188 2236 217 2287 ei
245 2229 390 2302 Grynium
422 2229 558 2300 dederat,
585 2229 616 2287 in
651 2229 776 2304 Phrygiae
809 2240 947 2299 castrum,
976 2247 1014 2286 ex
1047 2235 1108 2304 que

99 2339 311 2411 quinquagena
351 2336 461 2393 talenta
500 2335 649 2410 vectigelis
684 2335 829 2409 capiebat.
886 2335 954 2408 Que
989 2335 1109 2392 settene

99 2439 273 2499 Alcibiades
314 2445 374 2498 nen
415 2449 478 2498 erat
518 2449 674 2498 contentus
711 2458 809 2515 neque
846 2440 977 2498 Athenis
1017 2446 1108 2498 victes
1130 2465 1160 2497 20

100 2545 349 2611 Lacedaemoniis
377 2552 483 2604 servire
513 2556 628 2620 poterat
655 2551 727 2621 pati.
783 2547 888 2620 Itaque
917 2544 955 2603 ad
983 2547 1108 2621 patriam

98 2651 288 2712 liberandam
316 2657 397 2710 omni
425 2651 572 2710 ferebetur
599 2651 787 2726 cegitatiene.
843 2650 902 2710 Sed
930 2650 1050 2710 videbat
1077 2651 1108 2709 id

98 2758 166 2816 sine
193 2761 263 2832 rege
293 2759 380 2815 Perse
409 2762 468 2815 nen
497 2775 585 2833 posse
615 2757 687 2828 fieri,
716 2757 846 2832 ideeque
877 2775 945 2815 eum
980 2763 1108 2815 amicum

98 2863 157 2923 sibi
186 2861 328 2938 cupiebat
355 2862 475 2938 adiungi
502 2880 599 2938 neque
634 2860 787 2922 dubitaibat
822 2862 907 2920 facile
941 2867 973 2920 se
1003 2868 1107 2921 cense-

98 2974 248 3040 ceterum,
273 2973 297 3026 si
321 2967 413 3027 modo
436 2969 499 3026 eius
523 2967 720 3026 conveniendi
743 2968 893 3027 habuisset
920 2974 1108 3044 potestatem.
1131 2997 1158 3044 ²5

100 3075 182 3132 Nam
218 3069 331 3149 cyrum
367 3074 486 3131 fretrem
521 3079 549 3130 ei
583 3073 693 3132 bellum
721 3075 797 3131 clam
826 3079 928 3148 parere
958 3074 1107 3132 Lacedae·

101 3180 209 3238 moniis
233 3178 439 3238 adiuvantibus
463 3179 575 3237 sciebat
586 3199 595 3252 ;
623 3178 655 3236 id
679 3185 703 3236 si
724 3180 894 3253 aperuisset,
917 3185 1054 3254 megnam
1077 3185 1108 3238 se

101 3285 242 3344 initiarum
267 3285 391 3361 gretiam
416 3284 545 3343 videbat.

108 3379 110 3382 ’
142 3392 180 3449 Χ.
210 3392 281 3449 Hec
315 3409 385 3448 cum
420 3376 570 3449 meliretur
601 3400 775 3465 peteretque
804 3396 822 3448 e
850 3389 1048 3461 Phamabeze,
1076 3401 1109 3449 ut

103 3495 144 3554 ad
172 3501 272 3571 regem
300 3479 473 3568 mitteretur,
502 3495 611 3554 eedem
645 3506 780 3571 tempore
817 3496 922 3556 Crities
958 3502 1108 3572 ceterique
1131 3527 1160 3573 30

104 3608 219 3677 tyranni
246 3602 471 3660 Atheniensium
498 3606 596 3660 certes
624 3602 759 3660 homines
791 3601 830 3659 ad
864 3602 1048 3677 Lysandrum
1080 3603 1110 3660 in

103 3707 204 3766 Asiam
230 3714 378 3779 miserant,
399 3714 449 3782 qui
473 3726 542 3766 eum
564 3708 722 3766 certierem
743 3708 883 3778 facerent,
905 3708 960 3765 nisi
981 3708 1108 3767 Alcibia-
